2930 4778
429 333 788 405 unrnuonrnosuon
813 331 888 398 nm,
910 333 960 382 ιν.
1159 315 1246 398 lttt't

145 483 308 579 Poscitur
323 479 489 560 Alcithod,
501 487 684 564 postquam
699 479 817 545 siluere
834 495 989 544 sorores:

147 585 237 664 Quae
252 585 346 648 radio
362 584 483 648 stantis
498 601 692 665 percurrens
705 583 847 648 stamina
861 582 948 659 tolae,
1180 575 1246 651 275

146 686 315 769 Vulgatos
330 691 436 762 tacco,
451 684 546 761 dixit,
563 683 707 766 pastoris
722 701 851 748 amores

149 789 340 872 Daphnidis
355 787 452 864 Idaei,
470 805 571 870 quem
586 785 743 870 Nympho
758 785 892 869 pellicis
905 784 956 847 ira

150 889 300 954 Contulit
316 891 350 952 in
363 908 500 953 saxum:
522 894 637 952 tantus
651 886 744 951 dolor
759 888 823 951 urit
836 891 995 950 amantes.

193 991 270 1054 Nec
283 992 414 1074 loquor,
428 995 464 1056 ut
477 989 646 1074 quondam
659 994 787 1054 naturae
799 987 876 1072 jure
888 991 1013 1054 novato

150 1091 339 1174 Ambiguus
353 1093 449 1156 fuerit
462 1092 561 1156 modo
575 1092 638 1168 vir,
651 1089 752 1156 modo
766 1090 914 1167 ioernina,
930 1087 1089 1174 Scython.
1180 1084 1249 1152 280

192 1193 244 1257 Ta
259 1213 404 1277 quoque,
420 1213 507 1258 nunc
522 1192 674 1269 adamae,
691 1191 857 1281 quondam
870 1189 1033 1256 fidissime
1045 1204 1162 1272 parvo,

149 1296 272 1373 Cclmi,
287 1295 310 1360 J
312 1297 385 1360 ovi:
406 1296 566 1378 largoque
579 1299 671 1360 satos
685 1293 826 1362 Curetas
841 1294 883 1359 ab
898 1293 1005 1358 imbri.

150 1494 256 1529 numan.
281 1478 391 1528 Alcitho'e'
409 1479 507 1541 petitur,
525 1483 646 1541 manuam
656 1491 748 1527 sorores
760 1477 938 1534 cantanensium
954 1490 1005 1538 pua
1015 1475 1086 1522 telam
1102 1470 1250 1535 terentiano

149 1544 286 1606 alligatam,
298 1543 385 1603 Tritos,
396 1544 483 1605 inquit,
500 1547 615 1606 praetereo
626 1558 717 1592 amores
725 1540 861 1605 Daphnidis
868 1539 972 1604 pastoris
980 1539 1126 1652 Idoeiffrern
1137 1537 1251 1614 Nympha

149 1609 288 1657 mutavitis
298 1609 398 1670 hptdern
416 1609 493 1656 dolore
503 1608 630 1656 adultera:
648 1611 717 1656 tanta
731 1607 770 1656 ira
785 1607 887 1666 instigat
897 1607 1010 1653 amantes.
1070 1617 1126 1665 epea
1142 1604 1205 1662 deco,
1223 1607 1251 1652 st

151 1673 210 1721 olim
227 1671 333 1734 Scythen
347 1671 428 1731 suerit
448 1670 581 1732 nnhiguua
601 1685 663 1720 nnnc
680 1663 740 1728 nias,
761 1685 822 1719 nunc
835 1669 946 1730 sumina,
967 1667 1025 1726 turc
1041 1673 1133 1716 notura
1151 1670 1250 1716 mutato.

153 1737 246 1785 Omitto
258 1742 282 1785 te
292 1737 374 1798 etiam,
388 1734 533 1798 eelntjaen
546 1732 650 1798 adornas,
659 1735 858 1801 olimfidaliesime
867 1748 939 1798 paruo
948 1731 1005 1781 «loni
1012 1747 1022 1791 ,·
1037 1736 1061 1780 et
1074 1732 1174 1780 Curetas
1187 1735 1252 1780 ortes

142 1981 278 2030 terh-277
296 1975 388 2027 Heius.
400 1992 448 2040 pro
459 1977 520 2026 luat
531 1977 604 2026 malit
615 1976 702 2033 Idam·
718 1976 774 2026 scil.
786 1975 858 2025 ldoeoe
866 1975 965 2039 pellicis.
983 1972 1037 2024 Alii
1047 1989 1114 2038 quem
1125 1973 1252 2038 anptoe.

151 2046 235 2092 -278
251 2042 345 2091 Plures
356 2042 487 2092 Transtulit
498 2041 524 2090 in
533 2056 626 2102 mnam,
638 2040 765 2104 probante
777 2039 996 2090 hinchine-2⁷9
1010 2035 1043 2088 Iu
1054 2039 1181 2088 nonnullis
1200 2038 1253 2088 Nec

151 2111 323 2172 trauan-280
341 2106 373 2156 In
390 2106 494 2156 Caelest.
512 2105 582 2156 Ami.
594 2105 697 2164 suerum
718 2105 745 2154 in
757 2105 815 2172 aliis
824 2104 905 2170 fieret.
927 2103 960 2154 ln
981 2103 1109 2154 nonnullis
1128 2101 1251 2152 scribitur

650 2250 756 2301 NO'l'AE

154 2365 225 2416 inter
236 2359 685 2416 secohaereantlraefsbularumnsr·
726 2364 791 2414 scire
808 2364 964 2414 cstiuntilc:
983 2377 1062 2426 usquc
1080 2362 1145 2412 adeo
1164 2360 1191 2410 in
1209 2374 1255 2412 nna

143 2441 277 2491 rationes.
726 2437 850 2502 sapientia
859 2444 948 2488 errant
957 2437 1097 2502 sapientes.

187 2521 237 2568 nrt
262 2515 387 2580 Poscitur]
412 2515 451 2565 Ut
470 2514 548 2565 etiam
565 2514 685 2566 fabellam
752 2514 1256 2581 litai]Phrygii,velCretensis;qnippe

153 2595 270 2657 aliquam
281 2600 381 2642 narret.
726 2592 791 2640 etin
803 2591 917 2655 Phrygia
935 2596 964 2640 et
979 2590 1006 2643 in
1018 2591 1098 2640 creta
1108 2603 1180 2640 mons
1196 2589 1256 2644 lca.

189 2673 237 2719 275
255 2669 333 2718 Radia
351 2667 447 2730 naath]
463 2667 496 2716 ld
513 2673 562 2728 est,
573 2681 631 2730 quae
647 2673 696 2716 te··
726 2667 839 2716 Siculum
850 2667 919 2716 hunc
929 2665 1050 2716 fecerunt
1065 2665 1178 2730 alii,nisi
1188 2663 1258 2719 forte

154 2745 209 2792 lam
229 2743 302 2793 radio
324 2749 425 2792 texens.
466 2743 577 2791 Rodium
599 2746 687 2791 autem
727 2739 939 2805 plurcsfuerunt.

155 2819 268 2872 dicimus
288 2819 482 2877 Unennocttede
493 2819 601 2866 tisserun
758 2820 807 2865 28⁰
832 2815 947 2881 Scythas]
971 2817 1013 2866 Dc
1031 2831 1082 2880 quo
1100 2815 1166 2866 nihil
1183 2815 1257 2882 quio·

190 2897 239 2944 277
264 2892 412 2960 Daphnidis]
440 2893 500 2943 Fuit
518 2892 540 2942 is
562 2891 688 2942 Mercurii
726 2907 802 2958 qnam
813 2894 929 2956 reperire
948 2891 1022 2956 potui
1038 2892 1107 2958 quod
1115 2900 1189 2950 certe
1202 2891 1257 2948 ssc-

154 2969 235 3034 filius,
251 2971 325 3034 cujus
343 2970 476 3019 interitum
487 2967 612 3032 Virgilius
626 2984 687 3033 quo·
728 2975 799 3018 tum:
816 2969 998 3018 tantomelius.
1208 3037 1210 3040 Ι

156 3060 209 3112 que
220 3053 280 3110 post
290 3044 453 3095 Theocritum
465 3042 580 3093 deflevit.
614 3043 689 3092 lilius
760 3047 809 3092 282
828 3041 914 3104 Celent]
930 3044 991 3092 Fuit
1001 3041 1044 3092 hic
1055 3056 1120 3092 unus
1130 3057 1164 3094 cx
1180 3043 1259 3096 ldaets

155 3121 289 3170 historiam
309 3122 352 3170 alii
371 3121 448 3170 aliter
464 3127 585 3169 narrant:
602 3134 690 3169 vemm
730 3118 862 3182 Dactylis,
872 3119 946 3170 Jovis
956 3117 1091 3179 nutritius,
1101 3118 1143 3170 cui
1154 3119 1260 3192 quidem

157 3195 305 3246 Christiano
325 3195 428 3244 homine
454 3196 565 3244 maxime
587 3194 691 3244 videtur
730 3197 838 3260 parvulo
854 3197 963 3246 multum
979 3195 1185 3262 dilectus,aquo
1201 3211 1259 3262 por·
1334 3199 1339 3216 ⁸
1426 3205 1429 3216 ·

157 3273 293 3337 indignum
305 3273 414 3322 anilibus
424 3273 572 3336 nulliusque
583 3269 691 3322 usnsl'a·
730 3279 783 3336 tea,
793 3273 861 3337 quod
878 3273 1012 3324 mortalem
1025 3288 1084 3324 eum
1095 3274 1262 3338 vacavisset,

156 3349 247 3410 bellis,
259 3349 369 3398 Ethnico
389 3350 466 3399 ctiam
485 3349 633 3412 contemtis,
648 3364 691 3399 co·
729 3349 757 3398 in
768 3348 931 3399 adamantem
940 3354 1054 3399 mutatur
1065 3355 1114 3400 est.

157 3425 312 3490 gitationem
323 3439 394 3474 suram
402 3438 582 3487 conspurcare.
612 3424 691 3477 erod
765 3423 877 3488 Curetas]
895 3425 1011 3475 Fuerunt
1028 3426 1137 3476 Curetes
1155 3425 1263 3478 creten-

159 3500 267 3566 quidem
278 3501 368 3562 semel,
384 3500 519 3549 occasione
529 3500 601 3563 data,
612 3515 691 3552 anno·
731 3497 771 3550 'ecs
792 3501 891 3566 populi,
913 3501 945 3551 ab
962 3501 1064 3564 AEtolis‚
1082 3509 1112 3552 nt
1132 3501 1262 3552 nonnullis

159 3581 221 3626 tare
231 3575 316 3638 libuit,
326 3581 366 3638 ut,
386 3575 408 3624 si
422 3573 489 3644 forte
505 3574 539 3624 ed
557 3577 691 3626 nonnullos
732 3578 827 3640 placet,
843 3575 953 3638 oriundi,
963 3577 1125 3642 Corybantes
1136 3577 1216 3628 etiam
1234 3583 1263 3626 et

160 3652 357 3718 quisquiliarum
366 3652 693 3716 consarcinatores,qusles
731 3653 797 3702 Idaei
818 3653 926 3719 Dactyli
944 3654 1019 3718 vulgo
1038 3653 1173 3718 appellati,
1185 3667 1263 3718 qusn-

161 3728 266 3792 quidem
287 3729 422 3778 nonnullos
443 3729 511 3791 novi,
534 3729 573 3777 hae
596 3734 693 3779 nostres
733 3728 974 3794 quamsnonnullis
985 3729 1190 3794 distinguuntur:
1212 3726 1265 3792 dre·

162 3810 233 3854 notae
252 3805 415 3868 perveniant,
427 3819 503 3868 quam
522 3806 645 3868 misellos,
663 3820 694 3855 eo
733 3817 822 3852 mones
832 3797 1008 3867 itemquestnt
1018 3805 1062 3852 Dii
1073 3803 1175 3854 crediti.
1190 3802 1263 3856 Jovir

162 3881 274 3944 majores
285 3881 371 3930 sciant
381 3880 478 3930 habere
491 3880 569 3930 studii
579 3881 618 3930 sui
634 3895 694 3930 con·
734 3878 840 3928 fuerunt
851 3879 960 3943 nutritii,
973 3885 1002 3930 et
1017 3879 1127 3946 Cybeles
1138 3877 1264 3932 Sacerdo-

163 3963 298 4006 temtnres.
336 3956 369 4005 ld
392 3969 466 4005 omne
486 3955 571 4005 sciunt
592 3956 695 4020 plurimi
736 3945 833 4018 tespdc
851 3970 958 4020 quorum
977 3955 1077 4020 origiue
1092 3954 1265 4008 diversissima
1325 3994 1330 4006 .

151 4033 234 4102 'qnod
250 4031 464 4100 obliviscendum,
480 4031 549 4096 quod
567 4031 593 4079 in
612 4037 696 4082 toturn
734 4031 897 4100 scripserunt
905 4032 1145 4100 Mythologi‚stquc
1155 4031 1205 4083 alia
1214 4045 1266 4085 om·

163 4107 265 4157 nescire
286 4105 380 4156 suisset
395 4107 475 4169 utile3
490 4107 554 4156 nihil
571 4107 638 4158 illiue
650 4108 697 4174 sci·
735 4108 778 4158 nia
796 4123 873 4173 quam
893 4124 951 4173 quae
969 4108 1012 4158 hic
1029 4099 1131 4172 profert
1145 4109 1267 4162 ovidius.

164 4179 301 4248 unt,i1uod
313 4183 397 4234 solum
407 4182 474 4234 scire
488 4183 560 4246 utile,
572 4180 623 4234 non
634 4176 697 4236 satis
737 4185 779 4240 lte
791 4184 823 4236 iis
833 4184 934 4250 prolixe
946 4183 1048 4258 Natalis
1059 4185 1160 4243 Comes.
1197 4253 1199 4257 Ι
