2930 4778
224 312 311 380 1086
589 333 620 383 a.
645 331 766 380 ovrnu
790 329 953 380 uusours

222 471 415 553 Porrigitur,
430 471 588 554 tenuique
601 472 730 537 inducit
742 473 880 562 brachia
894 491 1015 555 penna
1035 533 1038 538 .

224 573 300 638 Nec
315 593 382 656 qua
397 572 598 659 perdiderint
609 577 752 640 veterem
768 574 895 638 ratione
909 572 1048 654 liguram
1299 633 1302 640 .

224 675 318 738 Scire
333 675 442 738 sinunt
457 676 611 740 tenebrae.
657 675 738 738 Non
753 676 829 738 illas
844 676 959 758 pluma
971 674 1112 740 levavit:
1254 674 1320 740 410

225 761 417 839 Sustinuere
431 780 538 840 tamen
553 795 589 839 se
604 777 853 858 perlucentibus
869 778 943 841 alis.
1298 787 1303 796 '

225 875 429 959 conataque
443 877 550 960 loqui,
568 878 739 942 minimam
751 897 814 959 pro
830 896 966 960 corpore
981 895 1099 944 vocem

224 978 408 1044 Emittunt:
431 985 658 1062 peraguntque
673 978 738 1042 levi
752 977 890 1056 stridore
905 979 1081 1060 querelag

187 1069 195 1082 '
223 1079 408 1162 Tectaque,
422 1099 489 1144 non
502 1079 626 1162 sylvae,
645 1078 833 1144 celebrant:
855 1080 1027 1161 lucemque
1041 1098 1169 1161 perosae
1308 1147 1310 1152 ,

225 1181 481 1246 Noctevolant:
504 1181 1118 1264 seroquetrahuntavesperenomen.
1257 1181 1323 1246 415

226 1439 316 1558 ura.
338 1485 450 1551 XIII.
495 1488 559 1554 Ino
582 1493 619 1551 et
640 1487 829 1552 Melicertes
851 1458 1044 1564 Dii'maris,
1068 1485 1260 1552 Leucothea
1279 1503 1321 1550 ac

679 1588 862 1654 Palaemon.
1321 1614 1325 1626 ·

221 1738 298 1791 Juuo
315 1737 430 1801 graviter
444 1736 539 1802 ferent,
551 1739 620 1803 quod
641 1740 689 1789 Ino
709 1739 797 1789 Liberi
807 1739 886 1788 altrix
898 1736 1027 1788 sororibus
1044 1736 1139 1800 punitis
1150 1750 1208 1785 oum
1222 1735 1322 1785 duobus

254 1824 373 1868 maneret
387 1818 476 1868 liberis
487 1819 513 1867 in
525 1819 589 1880 rita,
601 1821 756 1869 contemtrix
768 1819 878 1869 nominis
889 1807 940 1879 ειιί,1
948 1833 995 1882 per
1006 1818 1142 1866 Tanarum
1153 1806 1324 1879 promontori-

255 1915 299 1950 um
311 1899 511 1962 Peloponnenae
525 1898 665 1948 inferorum
685 1913 795 1963 sequens
807 1899 867 1962 iter,
876 1899 908 1947 ad
925 1897 1050 1960 Erinnyaa
1067 1897 1174 1944 ultrices
1185 1895 1323 1958 impioram

255 1979 399 2041 dercendit,
410 1979 538 2044 petiitque
549 1979 582 2028 ab
594 1979 639 2040 eia,
649 1984 679 2028 ut
690 1963 850 2029 Athamanta
859 1993 917 2027 cum
929 1978 1037 2041 conjuge
1053 1977 1100 2024 Ino
1111 1975 1269 2024 adversarios
1284 1975 1324 2024 ani

255 2059 365 2108 nominis
382 2060 576 2108 ulciscerentur.
614 2057 729 2110 Quarum
749 2073 800 2107 una
817 2057 925 2122 imperio
941 2071 1033 2120 parens
1049 2057 1126 2119 Deae,
1142 2055 1239 2104 relicta
1251 2055 1324 2118 regia

254 2139 327 2190 Ditis
338 2140 371 2189 ad
391 2153 498 2204 superos
516 2153 621 2202 egressa
639 2145 687 2189 eat.
730 2140 767 2188 Ut
778 2139 941 2189 Athamantis
956 2138 1054 2206 regiam
1072 2136 1191 2199 contigit,
1202 2136 1228 2184 in
1239 2135 1323 2185 einum

253 2220 310 2283 ejus
321 2234 352 2269 ac
360 2220 486 2282 conjugis,
500 2233 593 2282 angues
602 2225 629 2267 et
640 2219 718 2282 virus,
727 2218 818 2282 quibus
829 2233 916 2267 sensus
927 2232 1015 2266 eorum
1027 2217 1211 2278 alienarentur,
1222 2215 1324 2278 injecit.

255 2300 339 2352 Quam
350 2298 382 2348 ch
391 2299 515 2349 insaniam
535 2298 579 2347 ille
590 2298 733 2347 Learchum
750 2297 831 2348 lilium
848 2299 874 2346 in
893 2298 1030 2348 venatione
1047 2310 1094 2361 pro
1110 2295 1165 2346 sera
1181 2294 1326 2348 interfecit.

255 2379 306 2429 Ino
315 2386 400 2428 autem
412 2380 568 2428 Melicerten
580 2393 612 2428 ex
627 2380 734 2446 scopulo
746 2393 833 2430 aecum
847 2380 874 2428 in
886 2378 1042 2443 profundam
1054 2377 1236 2441 praecipitarit.
1255 2373 1325 2450 ¹Qui

254 2459 363 2507 Veneria
374 2458 495 2522 precibus
506 2466 658 2521 pronepote
672 2457 777 2521 habitis,
788 2474 803 2507 a
814 2459 939 2522 Neptuno
951 2448 1038 2522 pelagi
1050 2464 1161 2517 rectore,
1170 2457 1195 2505 ia
1207 2457 1323 2506 Deorum

255 2551 357 2589 cessere
374 2551 516 2600 arrrnerum,
526 2537 564 2586 ita
581 2547 611 2587 ut
621 2537 783 2601 Melicertes,
794 2538 936 2602 Palaemon,
946 2538 1003 2602 ipae
1018 2538 1077 2600 Ino,
1091 2536 1237 2586 Leucothoe'
1255 2537 1324 2586 inter

255 2618 365 2668 marino·
377 2619 448 2667 Deoa
456 2623 644 2682 nuncupentur.
1321 2626 1325 2633 “

223 2747 320 2837 Tum
336 2791 417 2836 voro
431 2772 515 2836 totis
529 2772 658 2837 Bacchi
671 2774 882 2838 memorabile
901 2772 1029 2837 Thebis

222 2921 277 2972 chia
286 2922 367 2972 subtili
376 2937 460 2984 perra.
496 2924 578 2985 Neque
586 2923 688 2972 tenebre
695 2923 819 2986 patiantur
827 2936 964 2985 cognoscere
969 2917 1081 2984 pabmodo
1090 2920 1212 2984 mulserint
1220 2920 1323 2985 priorem

219 2985 332 3045 smmum.
365 2987 452 3035 Pluma
464 2985 518 3034 illua
525 3002 570 3034 rroa
578 2987 688 3035 summit:
703 2992 809 3035 attamen
819 2991 956 3035 sustentator
963 2991 1018 3034 aaut
1026 2986 1071 3034 otia
1079 2985 1221 3048 perlucidis:
1237 2989 1259 3034 et
1272 3001 1324 3034 rum

221 3055 352 3100 restarent
362 3051 434 3114 loqui,
444 3049 549 3114 afferant
567 3049 681 3112 exiguum
691 3065 771 3099 ronam
780 3066 824 3114 pro
835 3051 926 3099 ratione
945 3050 1067 3113 eorporie5
1083 3056 1107 3098 et
1117 3055 1246 3112 parmatus
1256 3049 1322 3098 terrui

223 3117 340 3163 stridore:
359 3120 383 3164 et
394 3115 550 3179 frequentant
561 3119 633 3177 tecta,
643 3130 690 3163 ron
704 3117 799 3194 aylam
814 3120 838 3164 et
849 3129 925 3164 exoroe
936 3115 1009 3164 lucem
1020 3120 1086 3163 recte
1096 3117 1185 3176 volart,
1195 3119 1219 3162 et
1235 3115 1323 3162 ducant

223 3192 332 3290 ”ma
340 3192 463 3290 {miro
476 3245 583 3303 potentur
593 3241 686 3290 Bacchi
702 3248 753 3290 erut
770 3243 867 3292 celebria
877 3242 936 3292 totta
949 3241 1050 3299 l'beba'rt
1065 3246 1089 3290 et
1098 3244 1228 3290 matertera
1246 3238 1321 3299 refert

686 3371 861 3391 ”W

224 3445 384 3510 Diverairque.
416 3447 524 3511 Lychaoa
534 3463 582 3511 pro
598 3450 665 3510 {gaer
676 3464 802 3513 reponere
814 3451 903 3500 mallet
918 3451 1088 3500 Heius-407
1104 3446 1157 3497 Alii
1167 3452 1249 3511 petant
1259 3451 1329 3496 tene·-

224 3511 369 3560 braa.-408
395 3512 490 3574 Teaaiq.
502 3527 580 3575 perra
597 3520 638 3561 est
657 3528 690 3561 ex
708 3514 873 3574 melioribns;
899 3516 968 3576 vulg.
985 3519 1087 3575 tenuero.
1101 3527 1192 3574 peaaoe.
1227 3511 1323 3560 Iadrteit

223 3579 309 3622 estex
321 3574 411 3624 licina,
423 3576 524 3625 emend.
536 3577 605 3638 vulg.
622 3577 755 3626 includant:
773 3579 816 3626 alii
832 3577 955 3627 irdtrcurtt.
979 3577 1108 3639 Bernegg.
1120 3577 1207 3638 tenuiq.
1224 3575 1326 3623 includit

223 3637 320 3688 trochia
336 3643 503 3701 pertua-«tlt
522 3641 601 3690 Multi
620 3641 703 3690 Codd.
720 3644 861 3703 pergrato.
881 3641 1031 3690 lecca-414
1048 3640 1121 3689 Unus
1140 3639 1213 3688 Med.
1227 3639 1322 3701 Tectoq.

720 3749 828 3801 NOTAE

222 3847 755 3910 sororeamutatae,qaialaromlocomarn·
794 3846 1266 3913 quainatmctoadicitveapertiliones
1274 3851 1325 3900 ala·

224 3924 330 3973 branam
352 3922 480 3989 quandam
501 3923 608 3986 habeut,
625 3938 684 3988 quaa
701 3922 752 3972 illis
793 3940 849 3974 rum
860 3926 927 3974 loco.

223 3998 302 4048 etiam
313 3999 407 4063 pedam
418 4013 490 4048 ustam
502 3999 612 4062 praebet.
796 4042 799 4050 .
821 4004 872 4050 411
890 3999 1083 4063 retornatas]
1105 4000 1266 4058 cataracte
1284 4009 1322 4070 te·

255 4078 304 4124 408
320 4075 416 4137 Parra]
432 4075 539 4124 Duriter
557 4074 693 4124 admodum
704 4089 753 4138 per
792 4089 864 4126 nuos.

223 4164 321 4224 pennas
331 4152 506 4205 membranam
524 4154 595 4206 illam
613 4151 753 4218 intelligar,
