2884 4768
375 283 761 372 'unrnuorcrrrosuorr
787 323 860 372 urs.
884 323 933 372 vr.
1136 305 1221 374 llus

123 453 253 529 Blanda
266 463 380 530 tenens
393 463 562 544 humeros,
578 473 616 530 ut
630 473 686 530 eat
698 468 996 544 visura'sororem,

119 564 254 650 Perque
269 585 377 646 suam,
386 569 571 652 'contraque
586 588 694 646 suam,
708 569 794 650 petit
808 588 924 652 usque,
940 569 1093 636 salutem.

122 667 260 749 Spectat
274 687 349 732 eam
360 667 507 748 Tereus3
530 675 852 755 praecontrectatque
867 669 1030 736 videndo:

123 767 329 851 Osculaque,
345 776 378 834 et
392 770 479 834 collo
493 769 699 834 circumdata
713 771 849 835 brachia
859 789 1005 848 cernens,
1191 830 1194 836 .

124 870 244 933 Omnia
258 890 321 952 pro
336 872 493 947 stimulis
506 870 714 954 facibusque,
731 873 871 956 ciboque
884 872 1006 936 suroris
1077 899 1080 907 ·
1095 879 1099 886 '
1155 873 1220 939 480

122 968 276 1054 Accipit:
299 977 332 1034 et
346 974 475 1054 quoties
487 975 697 1056 amplectitur
711 974 770 1038 illa
784 979 973 1057 parentem3

123 1071 208 1134 Esse
221 1091 342 1154 parens
356 1072 476 1137 vellet:
498 1093 607 1158 neque
623 1074 713 1138 enirn
725 1075 836 1138 minus
851 1074 976 1157 impius
990 1079 1091 1139 esset.
1126 1081 1128 1088 '

122 1172 276 1236 Vincitur
291 1174 460 1240 ambarum
476 1176 602 1255 genitor
615 1193 724 1257 prece:
769 1175 916 1254 Gaudet,
939 1176 1072 1258 agitque

28 1263 33 1270 ’
122 1275 189 1339 Illa
201 1276 289 1358 patri
303 1282 429 1356 grates:
451 1281 484 1338 et
500 1277 705 1339 successisse
720 1275 868 1340 duabus'
896 1320 900 1328 -

123 1375 166 1440 Id
180 1379 276 1459 putat
290 1376 420 1453 infelix,
444 1376 532 1459 quod
546 1377 610 1439 erit
623 1377 763 1456 lugubre
778 1377 919 1442 duabus.
960 1407 962 1412 v
1109 1391 1112 1400 ⁴
1156 1375 1223 1442 485

120 1476 144 1542 J
146 1496 199 1541 am
214 1477 308 1541 labor
321 1477 467 1558 exiguus
482 1477 613 1564 quebo
627 1478 792 1558 restabat3
816 1479 962 1562 equique
1022 1507 1028 1514 ·
1124 1487 1129 1494 '

122 1579 311 1644 Pulsabunt
325 1579 469 1661 pedibus
484 1579 629 1661 spatium
644 1579 785 1644 declivis
802 1579 951 1665 Olympi.

122 1681 272 1763 Regales
287 1681 399 1763 epulae
415 1679 551 1756 mensis,
566 1687 601 1743 et
615 1669 772 1744 Bacchus
785 1683 819 1744 in
834 1690 923 1746 auro*

122 1782 282 1847 Ponitur:
305 1783 380 1846 hinc
396 1781 532 1865 placido
546 1781 664 1844 dautur
677 1799 740 1843 sua
755 1800 897 1863 corpora
909 1797 1039 1846 somno.

122 1883 169 1950 At
181 1903 244 1949 rex
260 1884 445 1966 Odrysius,
455 1884 609 1965 quamvis
623 1883 775 1959 secessit,
787 1883 822 1945 in
835 1881 892 1946 illa
1156 1881 1221 1946 490

123 1989 277 2076 AEstuat:
301 1992 333 2050 et
347 1990 500 2070 repetens
514 1984 645 2059 faciem,
661 1990 846 2066 motusque,
861 2001 1058 2068 manusque,

122 2086 249 2184 Qualia
262 2090 335 2154 vult
349 2087 454 2170 fingit,
471 2105 549 2169 quae
564 2085 708 2150 nondum
723 2085 826 2149 vidit:
850 2089 884 2148 et
898 2087 993 2166 ignes
1024 2113 1042 2160 ,·

124 2180 205 2274 Ipse
221 2208 303 2255 suos
317 2190 526 2280 nutrit,cura
538 2193 724 2254 removente
740 2205 904 2268 soporem.

116 2390 229 2442 ,lumem
234 2389 322 2453 putris,
329 2389 404 2452 poscit
416 2404 486 2452 usquc
495 2395 520 2438 ct
536 2403 579 2453 per
595 2401 662 2438 suum
672 2393 698 2437 ct
706 2390 786 2435 contro
796 2399 863 2434 mum
876 2384 976 2432 sulutem
991 2385 1018 2430 ur
1028 2378 1134 2430 discedot
1143 2377 1224 2429 usura

123 2469 194 2502 suam
204 2469 315 2503 moreau.
351 2453 436 2512 Tereus
454 2469 506 2502 com
525 2455 640 2514 intuetur,
659 2457 683 2501 et
702 2456 758 2500 mue
777 2465 829 2498 com
839 2447 952 2498 demulcet
962 2445 1078 2502 ridendo:
1094 2449 1119 2493 ct
1130 2457 1224 2494 cornea·

114 2519 212 2578 Μία,
224 2524 249 2566 et
265 2519 363 2566 laceros
374 2518 543 2566 circumductor
557 2518 705 2576 collacandi
718 2513 796 2564 omnio
805 2528 848 2577 pro
859 2514 953 2572 uculrr'r,
964 2517 988 2559 et
1000 2510 1077 2571 toedir,
1087 2514 1110 2556 et
1122 2507 1229 2568 muso-r

120 2583 191 2631 roric.
227 2583 261 2630 Et
277 2582 368 2644 quoties
384 2582 427 2632 illa
442 2583 603 2644 conplectitur
621 2586 726 2644 putrem,
741 2583 834 2642 opturet
851 2592 899 2626 cm
908 2580 994 2639 puter:
1008 2588 1081 2636 neque
1091 2573 1224 2622 enimenta

120 2647 198 2694 minus
208 2645 305 2708 impius.
338 2646 414 2694 Potor·
431 2651 558 2707 superatur
564 2660 632 2708 prece
650 2645 779 2708 utriusque.
812 2643 860 2690 illo
874 2643 970 2690 hiatur
981 2643 1004 2687 ct
1013 2638 1111 2700 gratioe
1118 2637 1224 2700 ogitpo·

121 2710 164 2772 tri,
174 2715 199 2758 et
207 2709 296 2759 mirera
305 2709 438 2758 arbitratur
449 2709 504 2758 benc
514 2712 539 2758 id
550 2711 644 2758 cessisse
653 2709 750 2766 duobus,
762 2709 823 2770 quod
840 2707 886 2754 erit
897 2706 1024 2753 luctuosum
1034 2702 1142 2752 duobus..
1165 2701 1225 2750 Jcm

118 2789 207 2837 porcus
227 2775 294 2822 labor
311 2779 434 2836 supererat
452 2773 630 2835 Seli,et'ejus
646 2773 699 2834 equi
709 2771 831 2832 feriebant
846 2769 944 2833 pedibus
962 2769 1063 2829 spatium
1076 2765 1147 2829 proni
1163 2765 1225 2814 ccli.

121 2839 208 2901 Dopaes
218 2841 302 2900 regia,
319 2843 344 2886 ct
354 2839 433 2890 darm
448 2839 474 2886 ir:
485 2837 577 2888 ruribru
586 2839 678 2886 curatis
687 2837 812 2898 apponitur
822 2835 906 2882 mensis
917 2848 925 2880 .·
941 2833 996 2880 inde
1005 2845 1047 2878 suo
1057 2843 1154 2892 corpora
1163 2843 1225 2878 ccm-

121 2903 250 2952 mittuntur
259 2917 339 2951 somno
349 2903 476 2951 creatu:
486 2916 529 2950 rea·
543 2901 670 2965 Odrysius,
679 2913 808 2962 quanquam
817 2911 842 2946 rc
850 2897 944 2958 recepit,
962 2896 1030 2943 ardet
1039 2894 1065 2942 in
1077 2893 1225 2966 Philomela:

121 2971 145 3016 et
156 2969 274 3017 rcrotceas
284 2971 360 3016 ruente
374 2967 474 3028 uultum,
485 2971 509 3016 ct
517 2971 601 3029 motus,
612 2970 635 3014 et
644 2968 735 3025 monus,
744 2967 815 3026 putet
826 2961 904 3024 quatio
914 2961 964 3008 cult
975 2972 1028 3020 quoe
1038 2958 1138 3006 nondum
1145 2955 1224 3004 rudit:

586 3104 765 3126 ”cocunea

123 3225 249 3278 Giofanus
264 3229 298 3272 et
316 3223 407 3272 Heius.
430 3237 462 3272 ex
481 3221 628 3272 melioribus
648 3225 677 3270 et
694 3225 759 3269 vett.
777 3217 820 3266 alii
843 3216 895 3277 illo,
911 3214 952 3262 vel
964 3213 1024 3276 ipro,
1035 3212 1076 3260 vel
1088 3211 1224 3262 trra—uss

120 3291 198 3340 Vett.
209 3289 347 3338 ombmum:
371 3287 415 3336 alii
434 3287 641 3336 amborum-485
660 3285 751 3336 Heius.
769 3282 816 3331 crit
835 3293 893 3330 cum
910 3279 993 3328 altero
1014 3275 1159 3340 Hambnrg.
1181 3275 1225 3326 alii

117 3357 267 3404 crat-489
285 3351 482 3414 Nonnullipluc.
504 3351 611 3400 trudunt.
644 3349 723 3399 Multi
734 3348 813 3396 etiarn
835 3360 877 3394 cuo
897 3345 1083 3407 pectora-490
1099 3339 1152 3388 Alii
1163 3341 1226 3410 scri·

119 3419 188 3468 bunt
199 3417 328 3482 Adryrc'us,
337 3416 380 3465 vel
390 3415 510 3478 Arryrtcr.
528 3415 639 3466 Quidum
649 3415 728 3462 etiam
738 3410 820 3461 Codd.
828 3407 1021 3464 coementitio:
1037 3405 1081 3454 alii
1091 3397 1185 3456 urant
1195 3404 1225 3454 ub

121 3483 182 3531 illu:
198 3484 299 3531 Berrm.
311 3481 353 3529 ed.
364 3480 475 3528 successit
485 3479 514 3528 ub
533 3477 666 3526 itta-491
683 3476 755 3527 Med.
767 3489 842 3534 unus,
854 3479 882 3522 et
891 3472 934 3521 ed.
950 3473 1050 3520 Berrur.
1062 3469 1114 3530 suc.
1125 3473 1224 3526 motum·

121 3561 167 3610 que
174 3562 185 3605 ;
201 3547 285 3596 Gron.
297 3551 325 3594 et
336 3551 392 3594 tres
400 3545 443 3593 alii
453 3545 586 3607 uultusque:
602 3543 694 3592 Heius.
708 3540 770 3590 olim
780 3538 892 3588 malebat
902 3536 1031 3600 cultusque.
1046 3535 1110 3586 Jun.
1122 3534 1225 3584 utullus

602 3719 604 3723 -
627 3685 732 3736 NOTAE

124 3773 128 3780 ι
155 3808 205 3854 4τ8
222 3801 424 3864 Procoatrcctct]
443 3803 525 3852 Tanto
542 3799 655 3850 libidinls
697 3813 811 3864 rysarum
819 3789 1190 3856 Thraciaegenteriedictum.

122 3877 221 3930 ardore⁴
229 3879 398 3929 Philomelam
416 3878 540 3938 intuetur,
556 3883 656 3928 utocu-
729 3877 776 3924 493
805 3870 870 3934 ipsc]
896 3869 952 3932 Ipsi
974 3881 1035 3915 uero
1055 3868 1128 3912 certe
1145 3860 1228 3925 magis

124 3955 158 4004 iis
168 3961 333 4006 contrectare
346 3945 473 4004 rideatur.
620 3964 627 3976 ·
695 3964 770 4011 vana,
788 3963 862 4012 quarn
889 3943 1072 4006 imaginatione
1098 3937 1227 4002 fiuglrmrs,

158 4024 208 4080 dep
232 4021 308 4084 Equi]
330 4019 382 4071 Qui
397 4017 463 4068 Solir
479 4017 582 4067 trabere
602 4031 657 4067 cur·
696 4024 758 4074 boni
776 4023 863 4087 specie
881 4020 954 4068 nobis
973 4012 1134 4078 imponimus,
1149 4025 1226 4076 quam

90 4162 96 4172 ,
125 4095 296 4146 fflfflssfedffi·
696 4100 805 4165 objectis
825 4096 956 4146 ducimur:
984 4087 1054 4154 quod
1073 4084 1163 4137 citium
1182 4086 1227 4154 qui

155 4175 203 4223 490
217 4169 462 4237 OdrysiarlTercunr
472 4168 548 4236 dicit,
558 4167 591 4220 ab
603 4168 658 4220 Od·
696 4175 816 4242 effugere
824 4167 963 4233 studuerit,
974 4163 1084 4234 quantur
1094 4168 1150 4216 est!
