2884 4768
230 333 316 400 1172
595 347 627 397 r.
651 342 771 393 avrnrr
795 339 956 394 ussurus

275 492 345 570 Qui
358 493 509 574 superest
522 487 615 553 solus
631 487 776 570 Cinyran
790 487 891 552 habet
905 486 1046 568 angulus
1060 486 1198 550 orbum:

229 595 332 676 Isque
349 590 469 673 gradus
483 589 612 672 templi,
627 593 775 654 natarum
790 589 937 652 membra
951 607 1093 665 suarum,

228 694 460 776 Amplectens,
475 711 625 774 saxoque
636 691 766 773 jacenS,
781 689 965 772 lacrymare
980 689 1123 754 videtur.
1218 742 1221 750 .
1261 681 1332 758 100

230 796 357 861 Circuit
368 797 535 858 extremas
549 792 633 856 oleis
646 791 822 873 pacalibus
838 789 926 854 oras'.

231 897 269 962 Is
284 895 489 973 modusest3
512 893 670 974 operique
685 888 751 954 sua'
763 889 851 954 facit·
858 891 973 954 arbore
987 891 1093 954 finem.

274 996 418 1060 Maeonis
433 976 558 1058 elusam
573 993 724 1072 designat
742 991 884 1071 imagine
898 991 984 1054 tauri

203 1161 205 1166 .
231 1097 410 1182 Europen:
432 1114 547 1160 verum
562 1099 703 1170 taurum,
716 1090 800 1156 freta
815 1110 894 1156 vera
906 1097 1053 1174 putares.

231 1200 317 1282 Ipsa
330 1197 502 1262 videbatur
517 1200 620 1257 terras
632 1197 782 1274 spectare
796 1191 942 1268 relictas,
1123 1233 1126 1240 -
1229 1259 1232 1270 Ι
1261 1185 1332 1272 illd

231 1301 277 1366 Et
290 1301 430 1364 comites
446 1297 588 1360 clamare
601 1313 691 1370 suas,
706 1283 895 1376 tactumque
908 1292 1017 1370 vereri

230 1399 425 1484 Assilientis
440 1397 559 1480 aqure3
582 1393 782 1476 timidasque
797 1392 953 1458 reducere
966 1393 1111 1475 plantas.

233 1501 330 1566 Fecit
341 1504 375 1564 et
390 1497 544 1562 Asterien
559 1495 671 1577 aquila
683 1495 829 1559 luctante
845 1493 968 1558 teneri:

232 1601 329 1665 Fecit
343 1599 481 1683 olorinis
496 1597 612 1661 Ledau
625 1597 861 1674 recubaresub
874 1595 957 1658 alis:
983 1643 987 1649 .

231 1699 384 1777 Addidit,
398 1704 435 1763 ut
449 1697 562 1780 Satyri
581 1696 709 1760 celatus
722 1695 865 1777 imagine
880 1694 1050 1777 pulchram
1246 1689 1331 1758 2110

236 1912 342 1975 Cinyran
353 1909 457 1962 filiabus
464 1909 600 1972 mutum:
623 1912 692 1971 utque
703 1908 724 1957 is
735 1910 875 1972 amplectens
883 1911 974 1970 padus
990 1909 1071 1970 tempii
1089 1907 1132 1972 qni
1144 1910 1205 1956 ante
1222 1903 1330 1954 fuerant

232 1979 301 2026 artus
307 1990 402 2024 amnem
413 1973 534 2040 fitiorum,
549 1979 573 2022 et
582 1977 672 2020 enatus
683 1971 710 2020 iu
719 1979 797 2034 petra,
808 1973 972 2034 uideturflere.
1008 1971 1093 2032 cingit
1103 1971 1197 2020 ultimas
1208 1983 1262 2017 orus
1272 1969 1331 2043 oteip

229 2039 350 2103 paciferis
383 2036 552 2101 Ιαίιιίιῇιιὶα,Ι
569 2041 638 2098 utque
648 2035 968 2098 absoluitopuseuaarbore.
1003 2035 1108 2084 Maoniu
1121 2035 1237 2084 Arachne
1247 2031 1331 2095 pingit

233 2103 354 2166 Europam
364 2103 483 2164 deceptam
487 2099 569 2159 forma
580 2099 659 2148 tauri:
675 2099 828 2148 arbitrareris
838 2116 918 2148 aerum
937 2106 1040 2160 taurum,
1058 2101 1162 2147 eredmr
1172 2113 1228 2146 aaa
1243 2095 1330 2146 muria.

233 2169 291 2230 Ipsa
300 2166 422 2214 videtum
432 2166 546 2227 respicere
557 2169 634 2212 terras
651 2165 771 2224 desereres
779 2169 803 2213 et
822 2180 904 2212 vocare
913 2180 967 2212 suas
985 2164 1094 2226 aquales,
1111 2168 1135 2210 et
1145 2163 1227 2211 timere
1238 2163 1331 2233 ipsium

233 2230 435 2294 apuoeafflneutis,
454 2235 478 2277 et
489 2228 608 2276 retrahere
623 2227 834 2290 plantaspaeidas.
869 2229 956 2276 Finxit
974 2242 1061 2290 quoque
1072 2227 1183 2276 Asterien
1200 2223 1287 2286 eomepi
1299 2223 1330 2270 ab

233 2295 313 2358 apulia
324 2298 428 2343 certante
436 2309 444 2342 .·
452 2291 530 2358 fissit
542 2291 631 2340 Ledam
641 2296 743 2340 stratam
761 2291 803 2340 sut
820 2293 867 2340 aiis
878 2293 953 2355 cycni.
987 2292 1089 2355 Adiecit,
1106 2296 1134 2340 ut
1144 2289 1242 2354 Jupiter
1253 2291 1330 2338 ternu

234 2551 327 2601 Heius.
342 2547 427 2597 utitis
436 2548 580 2610 quia-1⁰1
598 2547 673 2597 Cant.
684 2547 726 2594 oie.
743 2546 882 2608 iuceaiibus,
901 2552 928 2596 et
946 2548 982 2598 ita
1002 2547 1150 2610 conjecerat
1167 2543 1329 2595 Gronovlnsr

234 2616 297 2665 dun.
322 2611 459 2668 ῠαεαήῠως
486 2611 599 2660 Berolin.
618 2609 830 2671 paratibus-102
856 2611 977 2661 Heidelb.
993 2613 1201 2674 operisque—lod
1219 2609 1332 2670 Europen

235 2679 286 2725 duo
297 2675 379 2726 codd.
389 2675 432 2724 elii
444 2675 652 2736 Europam-10⁵
670 2673 748 2721 Barb.
759 2679 1025 2735 perpeterere-lor
1038 2677 1156 2724 meuse
1166 2673 1244 2736 pali.
1256 2672 1331 2720 Med.

224 2754 301 2790 -unns
312 2754 345 2791 ex
357 2737 473 2803 optimis,
483 2743 510 2787 et
521 2738 611 2788 deceni
621 2737 665 2788 alii
675 2753 682 2797 3
699 2737 774 2786 mulii
784 2738 862 2788 etiem
871 2754 904 2788 ex
913 2747 977 2790 vett.
994 2740 1110 2790 recludere
1117 2755 1127 2797 ,·
1144 2738 1188 2787 alii
1197 2737 1331 2786 recondere.

729 2915 835 2966 NOTAE

266 3044 299 3091 98
316 3040 434 3105 Cinyras]
449 3040 512 3092 Fuit
532 3041 574 3091 hic
596 3039 760 3106 Assyriorum
800 3040 995 3102 intervfur'entes
1005 3043 1070 3092 solet
1082 3040 1249 3090 constituere.

234 3131 290 3177 rex,
309 3115 355 3180 (ab
375 3117 421 3165 illo
440 3117 565 3179 diversus,
586 3131 661 3181 quern
684 3131 762 3180 supra
835 3121 881 3167 10³
899 3117 1015 3179 Mesenis]
1043 3116 1163 3166 Arachne
1186 3113 1276 3178 Lydia,
1295 3111 1331 3164 da

233 3191 342 3249 vidimus
354 3185 476 3254 Myrruae'
488 3189 631 3254 parentem)
642 3192 685 3254 qui
697 3190 762 3240 tiliae
802 3206 853 3254 qna
863 3206 950 3254 supra.

233 3263 324 3313 habuit
338 3265 533 3326 pulcherrimas,
550 3271 628 3328 atque
645 3264 711 3312 adeo
729 3265 766 3313 de*
835 3270 882 3315 lot
899 3265 1020 3328 Europen]
1053 3265 1137 3317 Quem
1155 3262 1281 3327 Agenoris
1301 3261 1334 3312 fi.

232 3353 305 3390 more
324 3339 446 3403 superbia
463 3337 634 3388 ferocissimas
649 3353 706 3388 carn
717 3339 763 3390 ,Ια-
802 3341 863 3390 liarn
880 3357 959 3405 supra
976 3343 1001 3390 in
1019 3343 1130 3390 Taurum
1148 3347 1274 3390 mutatum
1285 3339 1334 3390 Jo-

233 3425 300 3464 none
308 3414 341 3464 de
352 3412 436 3465 forme
445 3413 695 3464 contenderemus.
712 3415 762 3463 Eas
803 3431 860 3465 vem
872 3419 986 3480 rapuisse
998 3425 1026 3467 et
1041 3417 1068 3466 in
1087 3413 1333 3467 Cretamarexisse

234 3490 368 3554 indignata
386 3492 444 3559 Dea
461 3493 487 3540 in
501 3491 541 3541 sui
552 3492 642 3555 templi
660 3489 761 3554 gradus,
802 3491 918 3554 legimus.

193 3571 195 3576 '
233 3569 334 3630 patrem
352 3565 448 3632 frigida
465 3566 574 3616 filiarum
589 3581 762 3629 corpoream·
835 3571 882 3616 1⁰8
898 3569 1019 3634 Asterien]
1036 3568 1095 3617 Fuit
1109 3567 1165 3618 haec
1183 3566 1238 3616 Cori
1258 3565 1333 3621 utre·

233 3641 393 3707 plectentem
405 3644 429 3690 in
442 3659 531 3692 sarrrrn
541 3643 659 3694 mutavit.
802 3634 843 3689 nis
859 3639 923 3705 tilia,
937 3654 1023 3707 qnam,
1042 3639 1155 3691 Deorum
1165 3640 1334 3690 miseratione
1383 3645 1385 3652 “

266 3719 310 3766 101
333 3718 435 3782 cuculi]
452 3718 554 3767 Mansit·
564 3717 689 3782 hodieque
707 3732 761 3768 mos
801 3716 827 3766 in
839 3719 997 3768 coturnicem
1008 3723 1143 3780 mutatam,
1152 3717 1257 3780 Jupiter
1270 3715 1334 3768 s'nte

234 3792 312 3856 idean
329 3799 359 3841 ut
377 3793 410 3842 ed
429 3795 567 3842 anloeorurn
578 3808 623 3843 sen
640 3794 761 3856 peristro·
802 3798 912 3842 amatam
923 3793 972 3842 sub
982 3791 1167 3858 aquileiensia
1178 3793 1279 3858 rapuit..

234 3876 331 3918 malurn
350 3883 416 3928 aras,
434 3874 505 3916 serta
527 3875 555 3917 et
577 3869 689 3931 corella,
715 3874 762 3916 aut
834 3871 882 3916 109
900 3867 1017 3932 olorinis]
1036 3869 1268 3932 Jovis'incycnurn
1277 3882 1334 3918 mu-

234 3944 361 4007 ejnsmodi
372 3943 476 4005 leviora,
486 3945 650 4008 adjiciantur.
801 3943 860 4005 tati,
871 3943 962 4007 quiznt
982 3946 1078 3995 Ledam
1094 3945 1206 4009 Tyndari
1223 3957 1333 3994 uxorem
1358 3995 1363 4001 ,

244 4019 404 4083 .,Paeulitus]
430 4020 527 4070 Pacem
549 4019 762 4083 significantibus,
800 4019 916 4070 violaret
932 4037 988 4071 eam
1006 4021 1114 4072 formam
1136 4021 1249 4071 induisse
1267 4013 1334 4084 dici·

235 4097 264 4140 et
282 4093 488 4156 conciliantibus,
499 4107 574 4158 quiam
586 4093 688 4158 quidem
702 4091 768 4143 Pal:
803 4100 861 4154 tnr3
878 4109 955 4158 quam
974 4095 1086 4148 fabulam
1101 4102 1261 4163 supra3⁴nou
1278 4109 1332 4147 uno

235 4166 411 4228 testamentis
422 4183 477 4233 sua,
493 4170 573 4233 magis
584 4181 659 4234 quam
677 4169 764 4233 armis,
802 4169 869 4234 loeo,
879 4169 996 4224 vidimus.
1031 4195 1034 4202 ·
