2886 4774
397 342 754 396 unnuuonruosuou
781 348 854 399 urs.
878 349 965 400 χιιι.
1147 331 1234 400 1625

136 484 262 550 Sentit:
285 490 319 551 et
332 485 583 572 innitens-que
597 491 708 555 stabat
721 492 888 574 proxima,
903 493 994 570 moli,

136 586 218 652 Non
231 607 294 670 ego
308 587 508 671 prodigium,
521 608 587 672 non
601 607 675 654 sum
688 592 760 658 fera
774 593 897 671 bellua,
906 575 1028 676 xvirgo3

136 687 217 753 Sum
234 689 339 767 Deus,
355 690 474 772 iuquit,
489 710 607 773 aquae:
629 712 692 756 nec
706 694 817 776 majus
831 696 866 758 in
882 713 1019 779 aequora
1034 695 1192 763 Proteus·

135 788 158 853 J
159 807 200 854 os
213 791 322 868 hahet,
338 799 399 856 aut
412 791 542 869 Triton,
556 791 882 860 Athamantiadesve'
894 798 1077 864 Palemon.

136 889 225 955 Ante
239 897 349 956 tamen
363 895 512 960 mortalis
527 915 617 960 eram
631 918 640 961 ε
661 897 722 962 sed
736 899 867 974 scilicet
881 900 957 964 altis
1049 929 1052 938 ·
1168 901 1236 967 920

135 991 281 1058 Deditus
294 997 496 1078 aequoribus,
506 997 579 1080 jam
592 1006 661 1064 tum
675 1002 853 1065 exercebar
864 1002 899 1064 in
912 1001 992 1067 illis.

137 1092 228 1158 Nam
242 1096 342 1160 modo
357 1097 519 1163 ducebam
534 1099 692 1168 ducentia
709 1104 791 1168 retia
805 1104 939 1185 pisces:
961 1119 963 1126 ·

137 1193 289 1264 Nuncin
302 1200 389 1264 mole
403 1200 525 1264 sedens
536 1203 730 1268 moderabar
743 1205 903 1268 annndine
916 1205 1031 1270 linum.

137 1297 223 1363 Sunt
235 1299 332 1364 viridi
346 1307 445 1384 prato
460 1305 603 1368 confinia
614 1305 742 1383 littora,
755 1323 895 1388 quorum

135 1396 250 1464 Altera
263 1421 342 1485 pars
356 1403 467 1481 undis,
481 1423 558 1487 pars
572 1406 676 1469 altera
691 1406 830 1487 cingitur
844 1407 973 1488 herbis3
1171 1405 1237 1470 925

137 1500 232 1580 Quas
245 1523 354 1586 neque
368 1505 547 1585 cornigerae
562 1523 673 1570 morsu
683 1506 807 1570 laesere
817 1507 982 1590 juvencae,
1163 1517 1169 1526 '
1217 1501 1220 1510 ’

137 1599 212 1666 Nec
227 1603 371 1685 placidae
387 1605 560 1685 carpsistis
575 1624 669 1682 oves,
685 1605 823 1670 hirtaeve
838 1605 990 1688 capellae.

137 1703 217 1767 Non
231 1705 306 1786 apis
320 1704 397 1768 inde
412 1705 488 1769 tulit
503 1707 663 1770 collectos
680 1707 800 1771 sedula
812 1707 930 1771 flores:

137 1807 220 1872 Non
233 1805 311 1868 data
324 1809 402 1868 sunt
416 1805 521 1888 capiti
533 1808 675 1888 genialia
688 1812 789 1883 serta,
805 1825 1025 1890 necunquam

138 1907 312 1973 Falciferae
329 1925 468 1972 secuere
479 1927 608 1971 manus.
637 1959 640 1964 .
653 1907 725 1988 Ego
739 1907 865 1988 primus
876 1906 912 1968 in
926 1907 984 1971 illo
1169 1907 1236 1972 930

138 2010 273 2094 Cespite
288 2008 439 2087 consedi,
455 2009 534 2072 dum
548 2009 618 2072 lina
632 2006 800 2070 madentia
813 2007 917 2070 sicco.

138 2260 269 2321 Glaucum
280 2265 351 2324 utque
361 2259 464 2310 insidens
479 2264 573 2326 scopulo
588 2263 628 2324 pai
642 2275 714 2326 prope
732 2267 793 2324 erat,
810 2263 875 2323 Ego,
885 2261 931 2322 uit,
943 2275 990 2310 noa
1000 2273 1052 2309 sum
1066 2264 1205 2321 monstrum,
1222 2276 1238 2310 o

135 2326 223 2395 puellm
234 2340 279 2374 uon
289 2340 341 2374 sum
351 2339 434 2387 aspere
444 2326 526 2382 teum,
537 2341 588 2375 rum
599 2327 664 2376 Deus
675 2327 748 2374 moris
754 2341 763 2382 ‚·
778 2341 850 2388 neque
860 2325 970 2387 Pmteue,
980 2328 1003 2374 et
1015 2324 1107 2384 Triton,
1118 2329 1142 2372 et
1160 2325 1238 2378 Para,

137 2404 191 2438 moa
198 2389 394 2439 dilacerantium
403 2389 511 2450 maiorm
520 2391 589 2439 hahet
597 2395 738 2454 potestatem
748 2390 774 2438 iu
789 2390 874 2438 eurio.
908 2390 982 2438 Prius
992 2394 1070 2436 iernen
1080 2402 1144 2436 aum
1155 2387 1237 2440 tomo.-

137 2468 217 2502 cerum
226 2455 341 2502 enimrero
351 2453 468 2502 studione
476 2453 648 2516 profundarum
662 2468 784 2517 uquarum,
794 2455 847 2514 J'um
862 2458 914 2501 tum
923 2451 1034 2502 maium
1044 2453 1069 2500 in
1079 2451 1136 2501 illie.
1168 2453 1239 2500 Nunc

137 2516 200 2566 em'm
208 2518 329 2566 trahebam
339 2517 402 2566 retia
420 2517 538 2566 trahentia
553 2518 722 2580 piscennium
740 2518 855 2580 quiescens
863 2531 933 2579 super
942 2517 1034 2579 scopulo
1038 2516 1163 2578 flectebam
1166 2515 1240 2580 filum

136 2581 216 2642 uirga.
250 2581 313 2630 &riri
331 2582 413 2629 littora
425 2583 571 2631 mierum
584 2585 657 2643 'prato
674 2580 772 2643 sirmii,
788 2595 884 2644 quoram
899 2595 957 2643 pure
971 2580 1019 2629 alin
1037 2580 1143 2642 cingitur
1161 2579 1239 2645 equis,

135 2659 194 2707 pars
204 2645 253 2692 aliu
261 2645 414 2705 graminibus,
425 2661 476 2708 pree
489 2661 562 2707 neque
575 2646 683 2706 juvence
693 2648 797 2692 comatre
812 2647 975 2709 decerpserunt
991 2659 1078 2704 meu,
1087 2658 1160 2707 neque
1169 2645 1238 2694 uritm

65 2719 69 2726 '
135 2709 236 2772 pecudes
249 2708 402 2771 authispidoe
416 2725 493 2772 cupre
510 2710 654 2759 tetendistis.
687 2710 748 2772 Apis
768 2709 871 2771 diligent
886 2724 933 2758 non
950 2711 1004 2758 iude
1021 2707 1154 2771 reportavit
1162 2707 1240 2772 flores
1296 2714 1299 2722 '

137 2773 241 2832 liietm5
256 2787 347 2821 corone
356 2775 495 2836 voluptarie
505 2789 552 2823 non
568 2779 623 2823 rust
633 2773 717 2822 oilutoe
727 2774 810 2836 cupiti,
827 2787 899 2836 nepae
914 2789 1015 2836 uuquam
1027 2786 1109 2821 murm
1116 2772 1182 2829 serice
1201 2774 1239 2820 irr-

137 2842 234 2887 mucre
245 2838 403 2887 inciderunt.
437 2838 491 2899 Ego
498 2838 590 2900 primus
600 2837 703 2900 requievi
713 2839 739 2886 iu
749 2837 790 2886 illo
800 2837 896 2900 cespite,
906 2838 962 2884 dum
972 2835 1062 2884 extimo
1073 2837 1122 2882 lim
1131 2835 1235 2884 humido.

599 2969 776 2990 W

140 3054 172 3104 de
182 3053 276 3118 Scylla.
294 3052 416 3102 ‘immani
428 3067 536 3116 corpore
548 3052 641 3117 pistrix
650 3053 666 3102 :'
683 3059 712 3103 et
722 3052 853 3104 claudian.
866 3052 899 3102 de
917 3052 1038 3114 Tritone,
1056 3052 1132 3105 ‘Qua
1149 3051 1236 3116 pistris

137 3118 271 3170 commissa
282 3117 436 3167 vuol-ulo
445 3118 569 3168 Nonnulli
576 3118 747 3182 Sensit—917
759 3133 864 3168 nouum
880 3131 913 3166 ex
923 3117 1087 3178 meliorihur;
1105 3117 1174 3180 vulg.
1185 3131 1236 3169 nec.

138 3186 220 3233 -918
236 3181 289 3232 Alii
310 3182 357 3232 Sed
375 3183 409 3232 D.
431 3182 534 3231 Deinde
550 3197 643 3245 equore
659 3189 700 3232 est
718 3197 751 3232 ex
767 3189 828 3230 tert.
846 3181 918 3230 Med.
928 3188 956 3230 et
967 3183 1014 3230 Ro.
1025 3183 1092 3244 vulg.
1102 3195 1236 3244 ‹equore-

138 3250 187 3308 919
203 3247 253 3296 Aut
266 3246 355 3295 Heius.
363 3245 476 3294 deditex
485 3251 596 3310 quatuor
604 3247 674 3296 libris
683 3261 742 3296 eum
751 3246 818 3296 Edd.
829 3245 968 3306 nonnullis3
985 3244 1054 3358 eelz.
1065 3250 1104 3296 et:
1120 3259 1148 3294 ce
1158 3245 1243 3304 etiam·

138 3325 171 3359 ex
184 3310 426 3371 emendejusdem3
437 3311 507 3372 vulg.
526 3315 659 3372 pue—921
676 3312 735 3359 dum
750 3319 800 3359 tum
821 3317 860 3358 eet
879 3324 913 3357 ex
933 3309 1032 3358 meliori
1051 3324 1080 3357 ns
1099 3323 1147 3372 pro
1169 3309 1238 3372 vulg.

139 3377 323 3424 tuntum—922
340 3373 386 3421 Pr.
398 3375 432 3424 V.
447 3389 462 3422 a
479 3387 547 3424 niun.
560 3388 612 3423 sec.
624 3380 652 3423 et
662 3373 713 3423 duo
723 3375 791 3424 Mor.
802 3375 853 3422 duc.
864 3373 982 3436 cupientia
992 3375 1118 3422 ret-m
1134 3373 1195 3421 Bas.
1211 3373 1238 3421 in

137 3439 339 3552 fflffiffim
356 3437 571 3552 quoglii
585 3438 640 3560 itit.
650 3436 1093 3563 1papemtiggzlpi}Deintivelrssrcrir‘riuthiatirae}
1100 3438 1144 3486 ult.
1162 3437 1237 3549 tir&

248 3536 255 3551 .
306 3515 373 3550 one
483 3517 492 3560 ,¹
544 3515 572 3550 es
603 3517 633 3549 un
701 3536 708 3550 .
834 3515 889 3551 ron.
987 3535 994 3550 .
1082 3515 1104 3550 te
1120 3515 1186 3558 oa,-

139 3565 218 3616 Multi
229 3581 263 3616 ex
273 3565 494 3630 praestantioribus
508 3567 561 3615 coli.
571 3516 659 3615 emilie
671 3565 814 3631 flore-mi)
831 3565 922 3616 Heius.
933 3566 997 3630 conj.
1015 3567 1062 3629 Eg.
1071 3580 1159 3630 pronus
1169 3564 1237 3613 in.—

633 3727 742 3778 NOTAE

171 3843 220 3892 918
236 3839 350 3902 Proteus]
366 3838 438 3888 Deus
449 3837 538 3900 marie,
550 3835 668 3900 Neptuni
740 3833 1038 3897 Pammenffortnmnua
1049 3845 1065 3880 a
1076 3831 1175 3881 Latinis
1183 3831 1242 3894 die-y
1260 3875 1261 3880 ,

139 3924 169 3968 et
178 3917 315 3967 Phoenices
330 3915 407 3977 filius,
424 3915 450 3963 in
466 3927 554 3964 omnes
573 3907 669 3964 formas
708 3915 751 3960 tus
762 3909 854 3960 esthie
863 3907 1027 3958 Athamantis
1038 3914 1065 3957 et
1076 3907 1138 3956 luur
1152 3906 1234 3967 filius:

138 3993 278 4052 mutabilis,
289 3992 428 4055 phocarum
441 3997 539 4054 pastor.
709 3986 781 4049 cujus
790 3983 1013 4050 metamorphosim
1024 3982 1133 4032 vidimus
1143 3982 1161 4031 l.
1173 3993 1211 4046 ru.
1223 4017 1225 4025 ι

143 4117 145 4122 ,
170 4072 219 4118 919
237 4066 332 4128 Mon]
364 4067 482 4130 Neptuni
501 4066 615 4130 ejusdem
633 4081 667 4115 ex
741 4067 786 4112 991
805 4060 936 4123 dein-tutu]
961 4058 1036 4108 Istud
1056 4058 1172 4122 cogitent
1184 4060 1235 4124 ,qut

139 4142 298 4206 Amphitrite
309 4141 474 4208 minuatque
494 4142 615 4202 tubicem
634 4142 667 4192 de
708 4137 845 4206 aliquando
856 4137 922 4188 cralo
931 4135 1012 4202 recipi
1023 4135 1139 4202 cupiunt.
1187 4157 1190 4162 ·

140 4218 341 4286 quchletamd.
354 4230 374 4270 r·
690 4245 691 4250 κ
765 4237 769 4248 ·
1054 4239 1057 4244 ·
1242 4213 1245 4221 ’
