2840 4766
377 284 734 344 unrnnorerrrosnon
759 287 833 340 nra.
856 287 938 340 rur.
1121 273 1224 340 lala·

110 429 323 496 Immemores
338 432 469 518 decoris
482 435 617 500 liventia
630 417 768 520 pectem
782 433 938 500 tundunt:
1142 432 1207 499 535

109 531 267 613 Dumque
283 539 394 597 manet
409 553 544 617 corpus,
559 555 679 618 corpus
694 536 907 620 refoventque
920 537 1118 621 foventque:

109 631 237 697 Oscula
251 633 331 716 dant
342 635 420 716 ipsi,
436 637 548 717 posito
564 636 889 716 dantoscula-lecto,

108 734 192 797 Post
207 737 362 812 cinerem,
379 737 507 801 cineres
522 738 662 802 haustos
678 740 722 802 ad
737 745 875 829 pectore
886 743 1059 821 pressant:

27 833 28 840 ’
108 834 303 918 diffusaeque
313 837 432 920 jacent
441 839 570 903 tumulo
583 845 597 903 :⁸
614 841 807 922 signataque
821 858 909 903 saxa

108 935 253 1018 Nomine
270 939 469 1021 complexae,
483 941 649 1022 lacrymas
663 942 697 1004 iu
711 941 844 1002 nomine
858 937 1011 1004 fundunt.
1069 1013 1072 1022 ,
1141 941 1205 1007 540

108 1035 214 1116 Quae,
231 1038 442 1106 Parthaoniae
451 1041 587 1104 tandem
600 1040 718 1105 Letoia
732 1041 827 1104 clade

107 1136 286 1202 Exeatiata
301 1139 429 1218 domus,
443 1145 562 1224 praeter
577 1139 785 1222 Gorgenque,
799 1159 981 1224 murramque

107 1236 244 1301 Nobilis
259 1236 440 1317 Alcmenae,
459 1243 546 1305 natis
560 1243 594 1305 iu
610 1259 746 1323 corpore
760 1243 879 1324 pennis

106 1335 264 1418 Allevat;
287 1347 321 1403 et
333 1341 450 1422 longas
465 1362 524 1425 per
537 1342 673 1406 brachia
687 1342 825 1424 porrigit
839 1342 933 1406 alas:
1205 1421 1208 1424 ¹

107 1437 308 1523 Corneaque
323 1461 381 1536 ora
395 1441 497 1523 facit;
522 1460 705 1524 versasque
719 1461 779 1526 per
794 1441 874 1506 aiira
885 1440 993 1508 mittit.
1129 1446 1207 1510 ‘545

104 1653 165 1688 men.
200 1637 260 1686 Illae
271 1638 351 1708 otlitae
361 1641 450 1690 decoris
463 1641 581 1702 plangeret
590 1640 664 1688 tietdo
673 1645 785 1702 pectora:
803 1646 826 1690 et
837 1642 1038 1706 qaorndialeorpas
1048 1645 1158 1704 superest,
1164 1642 1205 1701 fo-

105 1706 159 1750 vent
180 1707 252 1764 atque
270 1704 374 1763 rrer'ooent
393 1719 490 1766 corpas:
514 1705 572 1752 iliud
593 1706 763 1766 dmscretontor,
784 1707 946 1754 laomedontea
962 1707 1045 1754 tectam
1065 1706 1205 1768 opacatum.

107 1767 236 1828 Postquam
243 1767 269 1815 in
279 1767 380 1816 cinerem
388 1771 509 1826 reductam
517 1773 576 1816 esset
587 1772 696 1829 andacer,
703 1773 810 1830 premant
821 1769 922 1818 narrem
931 1771 1051 1818 cotkctanr
1061 1772 1092 1817 od
1100 1774 1205 1832 pectora,

108 1836 177 1892 utque
182 1831 266 1890 jacent
274 1835 388 1896 porrecta
399 1835 430 1879 od
438 1833 581 1894 sepulcrum:
598 1837 621 1880 et
628 1832 754 1894 arripiente
765 1846 848 1880 nomen
859 1834 998 1895 insculptam
1009 1835 1082 1896 lapidi
1096 1832 1203 1891 fundunt

108 1894 219 1956 iacrymas
229 1895 256 1942 in
267 1901 356 1944 nomen.
392 1896 458 1949 Quos
468 1897 562 1943 tandem
576 1895 680 1944 'Lmonin
691 1897 785 1958 expleta¹
796 1897 870 1944 exitio
887 1899 966 1944 domae
977 1897 1206 1945 Porthaoniae'toltit

103 1959 188 2018 perenis
195 1959 289 2018 genitis
299 1959 325 2006 in
335 1972 439 2022 corpere,
449 1965 535 2020 prater
549 1960 646 2020 Gorgen
655 1964 679 2006 et
689 1973 774 2006 narem
783 1959 879 2008 celebris
895 1961 1029 2017 Alernenae5
1045 1966 1114 2022 atque
1124 1965 1206 2008 exten·

105 2022 140 2070 dit
150 2022 260 2084 prolixus
270 2023 321 2070 alos
328 2029 373 2085 per
383 2024 488 2085 mcertos,
499 2023 591 2080 etfacit
602 2037 737 2090 oroqcerneo
745 2039 756 2081 ,·
772 2027 796 2071 ct
806 2023 899 2085 obtegat
907 2029 1010 2074 aruimus
1017 2037 1060 2088 per
1068 2024 1155 2072 airam.
1182 2073 1184 2078 ,

106 2255 213 2307 romalii
232 2255 306 2310 rrter.
322 2270 481 2320 prosequerer.
498 2256 602 2306 Deinde
613 2255 687 2306 Voss.
704 2255 762 2316 fota
779 2270 827 2305 ser.
842 2254 887 2305 ubi
898 2255 968 2318 vulg.
979 2254 1074 2317 legitur
1084 2257 1146 2304 noto.
1164 2255 1205 2304 Ex

105 2321 255 2370 melioribus
276 2311 367 2370 Ηὲιυε.
386 2321 486 2384 recepit
503 2322 655 2370 dicta—535
674 2321 718 2369 Pr.
738 2321 818 2369 Gron.
839 2321 889 2369 dec.
912 2322 1038 2380 lugentin,·
1053 2333 1105 2367 sec.
1129 2319 1202 2369 Med.

102 2385 249 2448 plangentia.
262 2385 327 2434 Tres
338 2385 443 2434 trucido
461 2388 528 2434 tend.
545 2387 606 2435 Bas.
625 2385 721 2432 tri-actia
737 2385 863 2446 pingant.
882 2385 975 2435 erart.
986 2383 1058 2432 Med.
1069 2384 1102 2433 V.
1113 2389 1140 2430 et
1151 2397 1205 2432 sec.

105 2453 206 2500 Bonon.
223 2453 285 2510 nect.
298 2450 506 2512 plangunt—536
524 2450 599 2498 Cant.
612 2448 711 2498 Theren.
724 2456 752 2497 et
771 2449 915 2510 complures
926 2447 970 2495 alii
987 2447 1062 2506 reson.
1073 2450 1206 2508 tenentque.

103 2518 182 2562 -538
195 2513 235 2562 ‚v,
247 2513 318 2561 Med.
332 2521 358 2560 et
367 2513 418 2561 duo
430 2513 473 2560 alii
485 2514 544 2560 Post
553 2514 650 2562 cineres.
671 2513 724 2560 Pro
736 2513 828 2562 temtor
839 2513 918 2561 etiam
929 2510 994 2574 Arg.
1006 2527 1067 2574 mos,
1077 2510 1146 2574 quod
1155 2525 1205 2573 pro

104 2581 166 2626 astos
187 2575 316 2638 scriptum
333 2577 425 2625 Heins.
446 2579 565 2638 putabat.
582 2577 684 2626 Deinde
702 2577 830 2625 Dominio.
850 2584 877 2625 et
894 2577 994 2625 Briant.
1016 2576 1044 2624 et
1063 2577 1149 2638 plures
1161 2575 1205 2622 alii

102 2647 161 2704 pent.
178 2644 366 2690 versant—539
385 2641 459 2688 Cant.
482 2641 514 2690 0.
536 2649 673 2690 et'norem
691 2641 733 2689 alii
751 2640 903 2704 Effuseqner
927 2639 978 2688 duo
995 2638 1104 2701 infnsoeq.
1137 2637 1205 2687 Saxo

103 2721 150 2768 pro
166 2705 241 2766 vulg.
252 2719 309 2752 sono
321 2704 393 2752 dedit
412 2706 501 2752 Burin.
522 2710 549 2760 et
561 2720 598 2754 vs.
618 2719 672 2768 seq.
693 2705 783 2754 nemine
800 2719 847 2767 pro
859 2704 952 2752 nomino
970 2710 1078 2760 extert.
1092 2702 1165 2752 Leid.
1177 2701 1218 2752 et'

104 2771 185 2818 altero
195 2769 297 2816 Thoan.
309 2769 369 2831 quia
388 2783 476 2816 saxum
498 2769 614 2831 signatur
632 2769 752 2828 nomine;
773 2783 822 2816 aon
835 2781 907 2830 aeque
920 2775 991 2816 recte
1003 2767 1099 2815 dicitur
1120 2767 1206 2830 ipsum

102 2847 196 2896 nomen
216 2832 400 2894 signari—541
419 2833 572 2880 Porthaoniae
589 2847 621 2880 ex
643 2833 757 2894 plurimis
778 2831 882 2892 scriptis
902 2831 993 2879 Helas.
1011 2831 1119 2892 recepit.
1138 2829 1205 2880 Edd.

103 2897 233 2946 nonnullae
251 2901 304 2958 post
322 2897 423 2953 OEneoe,·
441 2897 543 2960 quidam
561 2901 613 2957 post
633 2897 726 2955 Annia,
748 2895 788 2941 vel
810 2894 904 2948 OEniae,·
922 2909 961 2957 pr.
984 2893 1015 2941 R.
1028 2897 1080 2955 post
1102 2892 1203 2940 OEtidoe.

104 2961 220 3012 Berolin.
243 2959 322 3008 etiam
333 2959 434 3009 Latonia
446 2960 525 3010 lrabet
541 2974 589 3022 pro
600 2959 773 3008 Letoia—542
790 2957 906 3023 Berolin.
919 2971 976 3006 curn
990 2957 1045 3006 aliis
1059 2957 1206 3006 Exactarota

541 3135 542 3140 =
602 3102 708 3162 NO'l'AE

105 3217 219 3277 obiisset,
229 3214 275 3264 tilii
285 3222 396 3267 mortem
407 3231 457 3266 non
469 3215 585 3265 vidisset.
675 3229 737 3280 quas
749 3230 764 3263 a
780 3215 915 3278 Meleagro
932 3212 1012 3262 fratre
1031 3210 1206 3274 Meleagridea

133 3297 181 3342 533
200 3291 635 3355 Helieone]ProMusaromfarore,
675 3289 812 3350 dixerunt;
833 3305 894 3353 quas
911 3289 1014 3353 quidem
1033 3302 1090 3336 eum
1106 3287 1206 3349 gallinis

106 3369 174 3422 illum
185 3369 296 3418 Boeotiae
309 3373 422 3417 montem
433 3367 607 3419 incolentium.
675 3365 821 3414 Numidicis
829 3373 873 3412 ss'u
883 3363 1013 3413 Africanis
1023 3363 1137 3412 nonnulli
1146 3377 1206 3412 con·

134 3448 181 3494 541
201 3444 376 3506 Pertlrnenioel·
386 3443 463 3492 OEnei
473 3450 522 3504 est,
535 3457 549 3491 a
560 3449 635 3506 patre
675 3444 808 3505 fuderant,
821 3443 864 3492 alii
874 3443 1073 3492 coeruiea'crisra
1081 3442 1207 3490 distinxe-

107 3519 252 3568 Porthaone
263 3518 300 3568 sic
312 3519 393 3568 dicta.
446 3545 448 3551 ·
471 3547 474 3556 ν
677 3528 744 3570 runt.
777 3520 841 3569 ldeo
851 3535 911 3568 vero
920 3519 1047 3581 Meleagri
1058 3518 1159 3566 nomine
1168 3517 1206 3564 in·

99 3615 114 3634 κ
135 3598 183 3643 542
213 3593 319 3654 Narem]
353 3593 477 3643 Deianira
504 3600 553 3657 est,
570 3609 635 3644 uxor
675 3596 775 3658 signitas
787 3595 838 3643 illae
851 3609 921 3655 aves,
933 3593 1000 3657 quod
1011 3591 1205 3660 uertisqnihns·

109 3668 234 3728 11110111ῖὸ·
564 3721 567 3726 ,
672 3664 1206 3734 damteurporibueinBoeotiamexAfrica

112 3789 115 3808 ,
135 3749 184 3796 ott
201 3745 324 3808 Porrigit]
342 3745 372 3796 lu
381 3761 442 3796 ares
452 3753 636 3812 suntmntatae,
676 3747 747 3802 circa
760 3746 887 3808 Meleagri
900 3745 1023 3795 termulum
1034 3742 1205 3792 convolarent.
