2884 4768
357 905 740 1000 P.0V1D11
791 896 1157 1024 NASONIS

168 1313 172 1318 ·
280 1200 1231 1392 METAMORPHOSEON

516 1625 519 1632 ’
590 1659 925 1738 ιιΒΕηνΗ.
1013 1729 1016 1734 ,

519 2012 529 2024 Ι
563 2015 960 2030 ,m

509 2033 512 2042 ’
563 2033 961 2059 m

386 2339 475 2407 Fun.
498 2337 527 2405 Ι.
573 2339 702 2404 Dentes
718 2337 884 2418 Draconis
899 2338 934 2401 in
951 2336 1127 2416 Homines.

205 2499 292 2552 dssou
306 2499 405 2550 AEsouis
417 2500 491 2563 filins,
507 2500 597 2548 missus
617 2513 632 2548 a
651 2500 725 2549 Pelia
736 2499 853 2562 Neptuni
866 2498 919 2548 filio
931 2513 989 2548 eum
1006 2499 1158 2560 proceribus
1170 2497 1308 2552 Grannum
1364 2532 1366 2537 -

239 2580 349 2630 Colchos
360 2579 393 2629 ad
405 2581 499 2642 pellem
512 2595 615 2630 auream
627 2579 825 2644 apportandum,
840 2579 1010 2643 adjutricibus
1021 2581 1124 2630 lunone
1136 2580 1308 2646 nominatus,

214 2693 228 2718 ..t
240 2663 270 2707 nt
287 2658 369 2708 AEetru
390 2657 455 2708 Solis
471 2658 518 2716 ¹tilii
537 2659 648 2726 contigit
658 2659 766 2724 regiam,
785 2651 977 2722 pulchritudine
991 2673 1037 2708 sue
1056 2657 1170 2724 perculit
1184 2653 1308 2716 Medeam

239 2737 363 2788 adversus
374 2727 520 2802 parentem,
531 2745 561 2788 ut
572 2737 620 2788 sibi
631 2739 717 2802 potius
738 2753 813 2802 quam
825 2739 894 2801 patri
904 2739 1057 2789 consuleret.
1085 2739 1156 2803 Ergo
1167 2739 1307 2804 obligatum

240 2817 363 2868 Jasoncrn
373 2818 470 2884 eadgit,
480 2827 509 2870 nt
520 2818 598 2880 fidem
608 2823 747 2882 praestaret
758 2818 869 2882 conjugii
882 2831 943 2883 erga
953 2832 990 2868 se.
1024 2820 1094 2870 Nam
1106 2826 1193 2868 tauros
1209 2819 1308 2882 spiran-

240 2904 279 2947 tes
291 2898 387 2965 iguem‚
395 2907 423 2950 et
434 2900 571 2951 draconem
582 2899 773 2950 custodientem
782 2899 951 2974 templanum
963 2905 1051 2963 tergus
1063 2907 1189 2961 auratum,
1201 2898 1308 2949 venenis

239 2984 318 3044 atque
326 2981 481 3031 carminibus
493 2980 581 3046 coligit
592 2993 685 3044 parere
693 2979 801 3039 Jasoni;
819 2984 848 3027 ut
863 2979 992 3042 proscisso
1004 2981 1058 3029 solo
1070 2977 1161 3029 dentes
1173 2979 1308 3029 obsereret

203 3049 209 3072 ‘
238 3059 375 3125 serpentis,
392 3075 423 3111 ex
443 3061 535 3127 quibus
555 3076 630 3126 seges
651 3067 807 3110 armatorum
829 3059 1017 3123 procreatoret.
1050 3051 1126 3108 Inte'r
1143 3074 1216 3124 quos,
1234 3064 1263 3108 ut
1283 3058 1307 3110 ei

239 3146 400 3205 pareceptum
412 3150 470 3191 erat
482 3141 720 3205 n'Medea‚jactnto
732 3140 814 3212 silice,
823 3140 910 3204 co'e'git
921 3155 964 3189 eos
974 3140 1042 3190 inter
1051 3155 1077 3189 se
1088 3140 1220 3190 dimicare.
1254 3137 1306 3191 Qui

238 3221 598 3272 rnutuobelloconcidcruut.
631 3213 680 3270 His'
692 3220 781 3283 gestis,
790 3207 870 3270 Jason
881 3234 938 3269 cum
950 3219 1046 3269 Medea
1056 3219 1148 3269 Iolcon
1159 3218 1231 3268 abiit.
1299 3288 1302 3302 Ι

203 3357 241 3446 J
241 3344 504 3448 suounvsretum
519 3365 648 3458 Minyae
664 3365 830 3458 Pagasaea
843 3363 958 3459 puppo
973 3376 1143 3453 secabant,

204 3481 441 3592 ¹Perpetuoque
455 3475 585 3542 trahens
599 3478 731 3560 inopem
746 3478 808 3541 sub
823 3484 921 3541 nocte
935 3483 1103 3542 senectam

202 3651 208 3747 Ξ
238 3687 258 3724 1.
276 3673 309 3722 Et
321 3670 375 3734 jum
390 3671 486 3736 Minyae
496 3671 615 3722 aulcolunt
627 3685 691 3721 mure
700 3671 756 3720 nuni
766 3671 884 3734 Pogosaeu
892 3685 903 3730 ,·
919 3674 942 3720 el
960 3670 1067 3722 Phineus
1085 3671 1150 3721 chus
1166 3676 1217 3721 erut
1232 3685 1305 3734 egeus

599 3859 601 3866 ’
644 3855 654 3878 a
705 3832 815 3894 NOTAE

238 3950 252 3994 l
278 3946 408 4012 Pagasas]
434 3947 507 4012 Argo
530 3951 571 3996 est
591 3961 607 3994 a
628 3943 736 4010 Pegasis
773 3965 775 3970 ·
807 3944 1007 4008 arenauno
1016 3943 1095 4006 ocus]
1112 3943 1305 3996 Quiaoccaees·

203 4024 344 4076 Thessalia
363 4028 437 4090 urhe,
453 4043 505 4077 non
520 4027 611 4092 procul
628 4041 643 4074 n
659 4025 735 4074 Pelio
775 4026 834 4081 tus;
859 4021 914 4070 haeo
934 4029 976 4071 est
1002 4021 1069 4070 enim
1091 4021 1185 4071 Phinei
1209 4018 1305 4073 fabata.

202 4101 302 4160 monte,
308 4100 385 4162 juxta
393 4117 469 4167 quam
477 4101 604 4153 fabricata
613 4100 734 4152 estuavis
775 4094 901 4159 Agenoris
916 4111 961 4146 seu
972 4095 1161 4146 Phoenicisfuit
1170 4095 1247 4158 filius,
1256 4111 1304 4148 rex

204 4173 243 4225 aie
255 4171 332 4223 dieta.
777 4167 908 4236 Arcadioe,
917 4174 958 4222 rel
970 4173 1056 4237 potius
1063 4171 1188 4239 Thraciae,
1196 4177 1242 4224 aut
1254 4172 1303 4224 Ps-
