2866 4772
191 301 277 382 idid
556 333 588 379 u.
612 327 731 380 evron
757 323 931 379 slsom‘s-

189 473 276 538 Visa
290 472 375 556 fugit
388 472 556 558 Nympha,
571 475 673 539 veluti
687 474 856 558 perterrita
870 473 997 538 fulvum

192 573 300 639 Cerva
312 575 440 658 lupum,
454 576 619 658 longeque
634 577 710 639 lacu
724 574 884 656 deprensa
897 575 1010 638 relicto

191 674 397 759 Accipitrem
412 676 557 741 fluvialis
571 697 665 740 anas.
709 675 822 752 Quam
840 675 961 739 Troius
973 676 1070 740 heros

191 777 400 860 Insequitur:
422 779 629 860 celeremque
642 782 731 840 metu
746 775 831 837 celer
844 782 939 866 urget
951 795 1076 841 amore.

191 877 282 941 Eece
295 879 403 943 latens
415 880 519 943 herba
533 879 670 943 coluber
680 877 837 958 fugientis
852 877 983 940 adunco
1225 865 1297 938 775

194 978 301 1043 Dente
317 980 435 1063 pedem
451 980 594 1058 strinxit,
608 981 771 1063 virusque
786 979 819 1041 in
833 998 974 1062 corpore
990 979 1123 1063 linquit.

194 1079 279 1144 Cum
289 1082 362 1144 vita
374 1081 649 1165 suppressasuga
663 1087 725 1146 est.
769 1079 989 1162 Amplectitur
1004 1099 1118 1144 amens

149 1212 153 1218 ·
193 1180 390 1246 Exanimem
400 1203 417 1270 εΙ
430 1183 628 1266 clamatque,
644 1184 755 1266 Piget,
771 1185 859 1265 piget
872 1201 946 1246 esse
960 1187 1127 1246 secutum:

195 1281 264 1346 Sed
277 1302 343 1346 non
357 1282 420 1346 hoo
434 1285 548 1348 timui:
569 1283 632 1348 neo
647 1287 718 1347 erat
730 1283 809 1347 mihi
823 1283 955 1346 vincere
970 1283 1064 1347 tanti.

192 1381 402 1448 Perdidimus
415 1387 568 1449 miseram
582 1405 642 1450 nos
656 1391 688 1449 te
703 1385 780 1450 duo.
816 1383 1006 1452 Vulnusab¹
1020 1397 1139 1464 angue,
1226 1377 1299 1444 78⁰

193 1482 227 1546 A
241 1505 294 1547 me
308 1505 412 1550 causa
426 1486 505 1550 data
520 1490 585 1550 est.
629 1479 701 1568 Ego
717 1487 781 1550 sim
795 1486 986 1564 sceleratior
998 1483 1069 1561 illo,

194 1584 244 1649 Ni
257 1586 319 1649 tibi
332 1592 440 1651 morte
455 1597 529 1651 inea
542 1588 657 1652 mortis
672 1587 790 1650 solatia
805 1587 944 1649 mittam.

160 1675 162 1682 ’
197 1686 315 1751 Dixit:
336 1693 370 1752 et
384 1689 567 1771 eseopulo,
583 1707 679 1770 quem
693 1705 795 1750 rauca
811 1686 989 1750 subederat
999 1685 1102 1763 unda,

195 1788 241 1854 Se
255 1788 394 1852 deditio
408 1795 554 1871 pontum.
597 1787 726 1870 Tethys
740 1788 897 1850 miserata
906 1787 1076 1865 cadentem
1131 1827 1134 1834 ·

197 1887 343 1952 Molliter
357 1891 504 1972 excepit:
525 1896 722 1971 nantemque
737 1908 798 1971 per
814 1907 953 1970 aequora
965 1889 1084 1970 pennis
1199 1949 1202 1954 ,
1229 1879 1297 1950 785

196 1990 317 2060 Texit:
340 1998 375 2055 et
388 1997 514 2074 optatae
529 1997 660 2074 nonest
675 1979 755 2064 data
770 1991 871 2072 copia
881 1991 1009 2062 mortis.

196 2091 393 2173 Indignatur
408 2111 523 2156 amans
537 2093 679 2156 invitum
695 2093 804 2155 vivere
817 2076 917 2172 cogi,⁸

198 2272 330 2336 prorumpit
342 2278 450 2336 tanquam
461 2288 530 2323 cerva
541 2277 657 2326 exterrita
668 2291 749 2324 rarum
758 2275 847 2339 lupum,
862 2280 904 2323 aut
914 2273 1084 2338 auasflaaiolir
1093 2275 1202 2334 correpta
1218 2271 1301 2333 procul

199 2353 215 2384 a
225 2342 309 2398 stagno
320 2337 476 2400 relictofugit
485 2339 628 2401 accipitrem.
663 2341 740 2396 eram
751 2340 817 2388 leros
828 2340 942 2398 'l'rajaam
951 2339 1107 2408 persequitur,
1117 2341 1141 2384 et
1152 2335 1210 2384 laris
1220 2349 1302 2383 amore

196 2401 285 2464 premit
295 2403 367 2450 terem
379 2401 471 2450 timore.
506 2404 567 2452 Ecce
575 2405 661 2468 anguis
672 2410 746 2454 terias
754 2404 902 2466 graminibus
910 2403 1016 2450 vulnerat
1027 2404 1097 2450 deute
1111 2411 1209 2464 recurso
1218 2401 1303 2460 pedem

195 2463 324 2526 srrgieutis,
334 2469 403 2528 atque
414 2465 506 2528 spargit
518 2483 628 2517 venenam
639 2469 665 2516 io
675 2484 766 2532 corpus.
803 2469 870 2528 Fuga
880 2481 984 2530 repressa
996 2471 1029 2514 est
1040 2480 1092 2513 eam
1102 2465 1162 2513 uita.
1186 2464 1302 2516 ,Insanus

200 2529 725 2657 restittit-‘littdimitti
742 2531 1303 2656 itti‘tattt‘i'tzwiiffittiitt

493 2629 501 2650 ,
1023 2630 1029 2642 .

201 2656 411 2717 emperdidimas.
447 2658 522 2718 Plaga
540 2658 573 2707 im
605 2666 644 2707 ata
654 2666 689 2708 est
705 2664 845 2720 aserpeate,
855 2673 898 2718 ego
906 2658 1047 2710 occasionem
1055 2656 1154 2719 pratri.
1190 2656 1245 2715 Ego
1255 2654 1304 2701 sim

115 2728 118 2732 ’
196 2718 356 2779 facinorosior
367 2721 417 2780 ilio,
428 2722 474 2770 aiei
484 2721 528 2768 titi
538 2675 639 2785 offiium
649 2722 828 2771 correlationem
838 2721 960 2771 neriemee
970 2723 1042 2769 elada
1059 2721 1135 2769 ntra
1144 2735 1154 2776 ;
1170 2723 1194 2767 et
1202 2717 1305 2767 immisit

203 2798 228 2832 se
238 2783 264 2831 ia
274 2799 339 2833 mare
348 2799 378 2833 err
386 2786 557 2847 promontorio,
567 2788 628 2848 qaod
638 2803 699 2850 aqua
710 2801 794 2834 sonora
803 2787 945 2835 corroderet.
972 2785 1057 2847 Tethys
1065 2783 1305 2832 miseratolatemtem

197 2848 293 2911 {excepit
306 2849 398 2904 leniter,
411 2854 434 2898 et
445 2850 536 2912 operuit
547 2851 630 2912 perrois
639 2855 760 2900 nataatem
768 2863 812 2913 per
821 2864 901 2898 mare.-
918 2864 992 2911 aequo
1002 2863 1119 2896 cmeesms
1128 2852 1163 2896 est
1173 2847 1251 2896 obitus
1260 2849 1304 2893 de·

199 2911 326 2961 siderales.
359 2913 450 2962 Amans
466 2913 579 2964 irascitur
595 2916 708 2964 oetatem
718 2913 771 2976 cogi
787 2914 861 2962 uitam
870 2915 961 2976 ducere,
975 2917 1044 2976 atque
1062 2913 1170 2960 amimam
1180 2909 1305 2974 prohiberi

660 3040 838 3063 munnae

203 3125 269 3172 nnus
281 3122 386 3183 ingestae
394 3138 403 3180 ,·
419 3123 482 3171 alius
494 3123 614 3172 ineamtos.
630 3123 734 3172 Deinde
752 3123 827 3172 Cant.
837 3122 863 3170 ia
874 3122 1009 3171 mirem
1025 3121 1099 3168 Voss.
1109 3124 1137 3166 et
1154 3117 1231 3178 Sixii,
1249 3116 1304 3164 duo
1389 3149 1393 3162 .
1427 3091 1428 3142 3

203 3187 297 3236 Heius.
319 3193 346 3236 et
366 3201 431 3234 nnus
451 3186 524 3236 Leid.
552 3189 624 3249 Agna
646 3190 776 3251 lap-⁷⁷3
806 3185 920 3234 Beroliu.
949 3184 1045 3232 naam
1066 3183 1198 3232 tem-tid
1223 3181 1306 3230 Multi

204 3249 432 3312 Stringitadiaquit,
451 3251 520 3313 quod
542 3252 631 3300 Burm.
652 3251 763 3314 librariis
785 3250 905 3313 imputat,
926 3249 968 3311 qni
988 3247 1133 3311 rhythmum
1150 3246 1305 3318 amarints-

206 3317 254 3362 777
271 3315 330 3363 Duo
342 3311 468 3363 Med-eit.
479 3315 732 3378 summosam-778
749 3314 780 3363 In
799 3328 850 3363 uno
869 3319 922 3362 vet.
941 3311 1044 3360 Ciofen.
1066 3324 1117 3359 uno
1134 3312 1166 3360 V.
1179 3310 1306 3364 doannrs,

206 3376 313 3427 Coelest.
324 3385 352 3424 et
363 3379 477 3452 Berolin.
488 3382 554 3428 etum.
570 3381 638 3443 piget
648 3395 685 3428 me
694 3385 778 3454 itm·
797 3375 916 3426 Heidelb.
932 3378 1017 3425 clamat
1034 3390 1121 3450 quoquae
1137 3374 1205 3437 piget
1215 3387 1259 3422 ess.
1274 3371 1306 3420 τὸ

205 3439 1305 3560 tittitiitttttlfttlimitati-til„¹2¹utilitatitt:

201 3553 287 3616 7--784
309 3568 341 3616 Se
351 3555 417 3616 dedit
429 3577 468 3616 est
480 3582 512 3616 ex
523 3571 558 3620 N.
566 3576 593 3618 et
605 3521 701 3618 Urbini)
708 3571 777 3632 vulg.
787 3521 892 3619 gliscidit
902 3585 910 3624 t
927 3569 969 3616 alii
977 3539 1071 3616 'Desilit
1078 3583 1089 3625 ,·
1105 3573 1158 3614 tres
1168 3565 1306 3624 Deficit.—

130 3646 133 3649 ·
205 3635 264 3682 786.
274 3635 321 3682 787
338 3627 413 3681 Alter
429 3633 542 3682 Strozzae
557 3633 645 3684 Vertit:
668 3638 706 3682 et:
722 3633 814 3682 Heius.
833 3633 944 3681 malebat
965 3632 1057 3680 Vertit:
1074 3637 1100 3678 et
1111 3644 1170 3678 mox
1182 3628 1306 3678 emendat

207 3702 235 3746 st
245 3702 363 3761 optatae.
375 3712 395 3750 e·
404 3700 427 3748 d.
437 3713 458 3746 a.
471 3698 565 3776 mortis!
574 3699 594 3749 Ι.
606 3713 703 3748 amam:
719 3697 865 3747 invitusad.
883 3697 936 3745 Pro
946 3696 1029 3745 mortis
1040 3694 1114 3744 multi
1122 3693 1205 3743 codd.
1216 3692 1288 3742 morti
1299 3709 1309 3741 .·

680 3837 681 3840 ’
698 3838 804 3891 NO'l'AE

235 3958 285 4004 ⁷72
303 3953 378 4016 meu]
400 3952 442 4002 Ad
461 3969 548 4018 quem,
564 3961 594 4004 ut
611 3970 639 4004 ae
660 3955 734 4018 equis
773 3968 863 4018 parum
882 3919 952 4002 vides
969 3950 1077 4000 aliorum
1093 3947 1224 3998 hominnm
1239 3961 1303 3996 eon·

203 4027 349 4090 immergat,
361 4027 733 4094 nousegniteranasconfngit.
772 4031 852 4080 sortia
863 4028 1001 4091 fugiamus,
1013 4028 1062 4076 nisi
1078 4026 1184 4088 insuper
1199 4038 1215 4073 a
1229 4023 1304 4072 nobis

239 4105 287 4150 777
303 4103 401 4165 Amem]
422 4105 658 4168 mannasseilicet.
772 4105 837 4167 ipsis
858 4102 1025 4167 tanqosrnub
1038 4099 1214 4151 intensissimis
1225 4099 1307 4150 hosd-

165 4231 177 4248 η
239 4178 288 4225 aad
320 4175 352 4224 de
373 4177 450 4240 dedit]
483 4180 524 4229 Ex
542 4195 594 4244 qao
612 4179 734 4245 prodesse
773 4177 974 4228 bnsesrearnns.
