2838 4774
399 351 767 406 nnrnnonaaoeeorr·
782 356 856 406 ura.
880 357 935 409 rx.
1131 341 1220 412 illd!

118 489 228 568 Quam
241 491 325 556 mihi
339 491 504 558 difficilem
519 493 542 558 J
543 497 664 560 unonis
680 499 788 579 gratia
802 499 894 564 feeit.

117 591 276 676 Namque
290 595 460 679 laboriferi
475 617 550 660 cum
561 597 633 679 jam
648 601 770 664 natalis
786 601 925 666 adesset
1149 600 1216 668 285

116 691 288 772 Herculis,
304 703 340 760 et
354 696 518 762 decimum
534 706 738 779 premeretur
755 701 862 765 sidere
877 703 1027 784 signum3

113 793 287 860 Tendebat
301 799 447 878 gravitas
462 804 589 862 uterum
605 801 705 864 mihi:
729 803 887 886 quodque
898 803 1056 880 ferebam,

111 894 256 961 Tantum
271 905 351 973 erat,
367 906 402 964 ut
415 919 534 983 posses
548 909 717 968 auctorem
733 904 845 968 dicere
862 906 940 968 tecti

111 997 277 1066 Ponderis
291 1021 368 1066 esse
383 1002 513 1068 Jovem.
559 1003 632 1092 Neo
644 1005 717 1088 jam
733 1007 871 1070 tolerare
885 1007 1018 1072 labores

111 1098 261 1165 Ulterius
275 1109 441 1185 poteram:
464 1109 543 1191 quin
557 1109 645 1170 nun'e
662 1127 795 1190 quoque
809 1108 950 1190 frigidus
964 1114 1066 1186 arius,
1146 1107 1214 1176 29⁰

111 1199 201 1264 Dum
216 1203 348 1285 loquor,
364 1205 478 1272 horror
492 1208 614 1287 habet;
638 1227 783 1290 parsque
804 1215 855 1272 est
869 1210 1059 1275 meminisse
1075 1206 1211 1276 doloris.

109 1301 245 1386 Septem
261 1325 323 1386 ego
338 1327 400 1388 per
413 1317 542 1386 noctes,
558 1309 694 1378 totidem
710 1311 860 1376 cruciata
874 1309 1002 1386 diebus,

109 1401 216 1469 Fessa
229 1408 338 1484 malis,
350 1410 555 1494 tendensque
570 1412 612 1475 ad
626 1413 751 1490 coelum
763 1411 911 1487 brachia,
926 1429 1046 1493 magno

107 1503 281 1584 Lucinam,
298 1507 477 1593 Nixosque
491 1531 603 1594 pares,
619 1513 762 1576 elamore
778 1513 952 1582 vocabam.

106 1605 173 1672 Illa
187 1608 321 1690 quidem
334 1613 435 1689 venit,
452 1614 512 1678 sed
527 1619 766 1697 praecorrupta,
780 1632 958 1697 meumque
1144 1611 1211 1682 Μ

107 1704 195 1785 Quae
209 1710 334 1776 donare
349 1719 450 1796 caput
463 1714 587 1780 lunoni
603 1715 705 1781 vellet
716 1717 849 1800 iniquae.

107 1809 224 1894 thue
239 1831 335 1876 meos
350 1814 446 1879 audit
461 1816 621 1898 gemitus3
645 1817 794 1882 subsedit
806 1818 841 1881 in
854 1817 917 1886 illa

107 1909 194 1976 Ante
207 1913 295 1976 fores
311 1933 380 1992 ara,
396 1916 585 2000 dextroque
601 1937 623 1981 a
637 1918 765 2000 poplite
779 1918 903 1982 laevum

106 2011 232 2080 Pressa
246 2034 346 2096 genu,
363 2016 477 2099 digitis
492 2019 575 2082 inter
589 2037 626 2082 se
640 2017 774 2100 pectine
787 2016 925 2099 junctis,

105 2207 157 2241 cum
171 2193 224 2253 iem
234 2195 323 2244 autulii
335 2196 447 2246 Herculis
457 2197 580 2257 lulmriferi
591 2194 797 2261 appropinquaret,
808 2199 831 2244 et
842 2194 956 2244 decimum
974 2194 1047 2245 sidua,
1055 2201 1182 2256 urgeretur
1190 2215 1208 2249 u

106 2255 170 2320 Sole,
188 2259 299 2318 grauitas
316 2261 428 2309 irridebat
446 2262 506 2309 mili
516 2267 639 2320 uenum,-
655 2266 678 2310 et
697 2259 888 2322 purgaremur
898 2263 1061 2321 mattaratium,
1073 2265 1099 2308 ut
1108 2273 1209 2322 prunum

105 2326 164 2371 emet
176 2322 255 2370 dicere
264 2329 383 2374 auctorem
395 2330 469 2373 tuate
480 2326 578 2374 mucime
590 2339 637 2373 ease
647 2325 748 2373 decem:
765 2337 836 2386 aeque
847 2323 899 2382 jum
914 2327 1021 2385 poteram
1039 2325 1139 2386 amplius
1152 2326 1207 2388 peti

104 2386 209 2435 lateres:
226 2387 282 2449 quiu
292 2403 353 2437 auur
365 2389 439 2437 etiem
445 2390 538 2450 gelidus
550 2391 620 2438 timer·
630 2389 700 2438 tuter
715 2387 818 2438 membru
826 2389 881 2436 dum
892 2386 1042 2445 certassem,
1052 2393 1076 2436 et
1086 2389 1208 2438 recordari

103 2454 137 2497 est
147 2465 205 2511 pura
215 2451 308 2500 leteris.
342 2454 396 2516 Ego
408 2457 472 2501 tortu
482 2468 524 2514 per
534 2461 623 2516 septem
633 2457 720 2507 nectes.
733 2458 803 2514 eique
821 2451 921 2499 totidem
932 2451 990 2513 dier,
1001 2451 1132 2512 defatigata
1143 2453 1207 2502 dolo·

102 2513 177 2575 iiius,
188 2520 213 2564 rt
224 2519 322 2564 tmdeus
339 2515 435 2566 brechia
445 2519 481 2569 ud¹
492 2517 583 2576 celum,
594 2517 701 2566 secudum
713 2531 798 2578 magua
808 2517 908 2564 clamere
919 2515 1032 2564 Lucinam
1043 2519 1073 2566 ud
1084 2515 1208 2578 impeditus

99 2584 193 2640 purius.
228 2579 275 2628 Ille
286 2581 379 2642 quidem
389 2583 496 2642 accusat,
505 2584 546 2629 sed
559 2585 729 2644 presumpte,
739 2585 762 2629 et
772 2596 823 2643 que
835 2583 929 2642 cuperet
938 2595 1013 2628 meum
1024 2579 1098 2628 ritum
1107 2583 1207 2644 predere

100 2641 196 2708 inferte
206 2643 306 2692 Junoni.
340 2646 374 2693 Et
387 2661 439 2694 cum
447 2645 539 2694 aarum
548 2661 610 2694 meos
616 2647 689 2708 gemit
693 2660 728 2703 us,
737 2646 846 2694 constitit
853 2645 884 2692 ud
894 2646 952 2694 illud
963 2646 1038 2692 ulture
1048 2659 1091 2708 pru
1096 2643 1205 2704 faritius

101 2713 124 2755 et
136 2707 250 2769 imposuit
259 2709 369 2760 deutrum
378 2711 492 2772 poplitem
502 2709 599 2758 sinistre
608 2724 690 2773 gerru,·
707 2720 776 2774 utque
787 2709 873 2771 digitis
884 2708 947 2758 iutcr
957 2724 982 2758 se
991 2709 1102 2760 connexis
1112 2711 1144 2760 ud
1159 2725 1207 2760 me·

564 2833 740 2854 mmm

99 2903 160 2972 Seu.
172 2916 245 2966 Med.
263 2917 469 2981 Ilithyiam-286
481 2919 520 2966 Fl.
532 2919 557 2968 S.
569 2916 666 2977 Marci,
683 2925 723 2980 pr.
734 2917 799 2965 'Pal
817 2922 900 2980 quart.
919 2915 991 2966 Med.
1003 2921 1030 2964 et
1042 2916 1115 2964 multi
1126 2915 1169 2964 alii
1178 2922 1207 2968 et

98 2981 280 3031 decime—288
296 2983 368 3032 Med.
388 2990 495 3046 quartus
515 2987 579 3030 auct.
597 2985 689 3030 ducere.
720 2982 785 3028 Tecti
803 2979 876 3028 dedit
887 2980 980 3028 Heius.
992 2993 1025 3026 ex
1036 2979 1203 3028 melioribus:

99 3046 171 3106 vrrtg.
183 3047 336 3095 tanti—289
353 3047 426 3096 Unus
437 3046 511 3100 Med.
524 3045 579 3106 jum
595 3047 678 3092 celere.
704 3044 829 3095 Nonnulli
847 3044 947 3092 tolerare
965 3041 1071 3098 dolerem·
1090 3041 1204 3096 Madet

99 3106 201 3158 Bonon.
212 3109 403 3160 leimam—291
422 3112 456 3160 N.
468 3124 519 3158 rec.
532 3107 603 3160 Med.
614 3109 678 3156 terr.
687 3107 759 3164 udit5
776 3108 842 3156 unde
854 3107 943 3156 Heius.
953 3106 1092 3155 ubit—294
1109 3107 1204 3170 Vulgo,

97 3173 129 3219 ert
139 3187 214 3221 nexos
222 3179 314 3236 pertus.
347 3174 420 3223 Unus
431 3176 464 3223 V.
475 3183 503 3222 et
515 3173 615 3222 Ciotirn.
626 3173 658 3220 ud
673 3185 792 3233 nexusque
810 3186 885 3233 piures.
903 3171 971 3220 Dan.
983 3169 1076 3218 Heius.
1093 3183 1125 3217 ex
1136 3170 1202 3220 Mas.

99 3238 210 3298 prendit
220 3239 251 3286 ud
268 3241 333 3288 uisus
342 3246 459 3302 parceret
470 3239 593 3301 conjecit,
603 3235 709 3286 udruisus
725 3237 764 3284 vel
777 3237 847 3284 uirus
861 3242 949 3298 postes.
983 3233 1105 3298 Plerique
1115 3241 1202 3290 uetus·

99 3295 190 3362 turres,
206 3302 320 3350 Lucinam
339 3319 456 3366 uersasque
472 3319 552 3365 pares,
572 3302 619 3350 uisi
639 3297 707 3364 quod
727 3300 830 3364 quidam
848 3300 972 3362 nisusque,
993 3297 1060 3362 quod
1082 3298 1202 3348 Turncbu

96 3363 246 3426 probatum.
270 3367 308 3416 ΓΙ.
319 3367 346 3416 S.
358 3368 441 3416 Murci
454 3381 501 3429 pro
513 3363 616 3415 diversa
625 3365 750 3423 lectione,
760 3365 799 3412 vel
810 3366 880 3413 nixus
890 3364 929 3412 vel
941 3377 1021 3412 nexus.
1034 3362 1115 3411 Prim.
1126 3363 1201 3412 Med.

98 3443 152 3478 sec.
164 3429 223 3480 Pal.
233 3434 261 3479 et
273 3431 323 3480 duro
334 3430 386 3494 alli,
396 3446 511 3494 nexosque
529 3445 606 3494 perca.
620 3430 710 3478 Hrirrs.
731 3430 810 3491 elegit
821 3443 852 3478 ex
876 3443 926 3477 uno
937 3442 990 3486 erro,
1003 3427 1116 3490 nixusque
1125 3442 1203 3490 parer,

78 3487 219 3558 ,idemne
241 3495 301 3544 olim
323 3495 439 3560 legebat,
460 3497 549 3544 nixuru
563 3509 640 3558 purus.
661 3493 751 3542 Burm.
767 3493 833 3557 conj.
858 3494 949 3555 πίπους,
965 3491 1129 3542 turea-nau
1146 3491 1201 3542 Pro

94 3557 166 3606 redet
182 3573 248 3608 unus
268 3557 367 3608 Medic.
388 3566 414 3607 et
433 3559 525 3608 Heius.
537 3559 761 3622 mullet,probaute
774 3559 944 3608 Buram—29⁷
961 3557 1043 3606 Gran.
1053 3558 1127 3606 remit
1135 3571 1201 3616 gem.

99 3616 194 3670 Heius.
206 3623 269 3672 item
278 3624 344 3688 conj.
353 3623 378 3672 iu
387 3623 556 3672 inieritis
566 3625 628 3687 popl.
639 3629 677 3672 ert
686 3637 718 3671 eu
726 3622 858 3674 Prisciauo
866 3622 1017 3671 etuexlllss.
1029 3621 1121 3670 Heius.
1131 3619 1201 3682 vulg.

95 3689 147 3735 est:
159 3688 346 3750 compleretur
363 3688 414 3737 duo
422 3690 538 3736 ira-299
556 3690 590 3736 Et
604 3687 675 3748 digit.
684 3687 709 3734 in
719 3702 770 3735 sec.
779 3687 851 3734 Med.
861 3691 888 3734 et
898 3686 968 3734 aliis:
988 3684 1117 3746 digitisque
1128 3682 1201 3734 idem

95 3749 248 3801 Priscianus
256 3766 315 3802 cum
323 3753 478 3802 membranis
487 3750 556 3800 haud
566 3751 664 3815 parreia.
688 3752 741 3800 Pro
749 3751 842 3812 junctis
851 3750 941 3799 Heius.
949 3750 1039 3798 mullet
1046 3748 1142 3809 cinctu,
1153 3751 1200 3796 aut

595 3880 712 3944 NOTAE·

94 3976 199 4028 entibus
210 3975 311 4041 opifera
319 3977 448 4028 adveniat.
665 3973 940 4038 mensisiutelligatur.

125 4053 323 4116 mmmmm]
337 4051 626 4116 Solnimirnmsiugulis
698 4056 746 4102 2⁰4
772 4050 861 4112 Nisus]
886 4052 961 4100 Duos
976 4049 1072 4100 tratres
1089 4049 1197 4105 nixnntn

93 4128 226 4180 mensibus
243 4127 344 4192 singula
363 4128 626 4192 Zodiacisignaper·
666 4143 713 4178 eeu
735 4135 856 4190 partuum
879 4125 1020 4190 adjutores,
1048 4127 1081 4178 de
1102 4127 1196 4193 quibus

93 4206 207 4260 inruat:
233 4211 264 4258 ut
287 4220 337 4270 per
354 4205 483 4258 decimum
510 4204 625 4256 decimus
665 4205 767 4269 Festus,
778 4202 821 4270 qui
834 4208 889 4255 tres
899 4209 986 4262 taurea
995 4201 1074 4262 leuse
1085 4205 1184 4264 suillis.
1254 4239 1258 4254 ,
