2840 4766
197 263 285 337 late
477 299 496 339 ,·
562 276 594 326 ι’.
616 275 738 326 ovanu
761 271 923 328 uacuam

198 421 331 499 Necte,
346 439 462 504 magne
476 423 578 503 pater,
593 420 697 486 nostri
711 419 815 502 pudet
829 438 906 484 esse
918 419 1109 500 parentem3

197 525 268 592 Aut
282 525 362 589 mihi
377 522 477 587 redde
491 541 595 600 meos,
611 528 668 587 aut
682 542 735 585 me
751 542 883 606 quoque
898 519 1003 586 conde
1018 519 1185 608 sepulcro.
1209 551 1211 558 ν

197 625 260 691 Ille
273 631 386 706 notam
400 624 526 706 fulgore
541 622 643 699 dedit,
657 625 846 704 tonitruque
863 620 1022 686 secundo.
1074 663 1077 672 ,

196 725 355 812 Accipio,
372 728 501 809 sintque
516 727 579 788 ista
592 743 709 806 precor
724 722 837 786 felicia
851 722 972 784 mentis
1228 715 1298 786 620

196 827 297 910 Signa
311 833 390 904 tuae,
406 826 495 890 dixi:
518 823 609 907 quod
624 823 684 884 das
698 822 790 914 mihi,
804 823 969 905 pigneror,
986 840 1092 886 omen.

196 927 297 992 Forte
309 928 372 992 suit
382 927 482 1009 juxta
496 925 619 1008 patulis
634 923 804 986 rarissima
819 924 932 1004 ramiS,

195 1027 301 1096 Sacra
313 1029 337 1092 J
339 1029 406 1104 ovi,
421 1047 565 1110 quercus
580 1025 621 1088 de
636 1024 759 1088 semine
776 1022 961 1088 Dodonaeo.

195 1128 267 1196 Hic
281 1148 343 1191 nos
356 1128 534 1210 frugilegas
550 1125 747 1208 aspeximus
763 1123 893 1204 agmine
907 1125 1006 1204 longo
1022 1201 1026 1210 μ

194 1227 329 1293 Grande
343 1249 426 1292 onus
441 1229 564 1310 exiguo
579 1227 807 1290 formicasore
823 1231 982 1306 gerentes,
1229 1223 1297 1290 625

194 1328 399 1413 Rugosoque
414 1349 513 1393 suum
529 1333 697 1398 servantes
713 1325 837 1388 cortice
853 1325 982 1408 callem.

193 1430 285 1496 Dum
299 1450 468 1495 numerum
482 1427 593 1504 miror,
608 1427 771 1502 Totidem,
786 1432 879 1507 pater
894 1425 1029 1506 optime,
1045 1425 1129 1503 dixi,

193 1531 247 1596 Tu
260 1532 339 1596 mihi
354 1532 397 1594 da
411 1533 518 1596 cives:
539 1536 572 1594 et
586 1529 698 1592 inania
709 1528 833 1592 moenia
846 1527 945 1610 reple.
976 1557 979 1562 ·
1034 1555 1038 1562 ·

194 1628 376 1709 Intremuit,
392 1633 560 1715 ramisque
577 1650 695 1694 sonum
711 1629 781 1693 sine
795 1628 926 1692 flamine
942 1626 1039 1690 motis

192 1729 274 1795 Alta
287 1733 377 1797 dedit
391 1751 548 1814 quercus.
593 1731 724 1794 Pavido
740 1729 821 1793 mihi
835 1729 980 1791 membra
996 1728 1112 1792 timore
1226 1731 1294 1796 630

192 1830 413 1908 Horruerant,
429 1831 626 1912 stabantque
642 1849 761 1893 comae.
805 1827 935 1891 Tamen
949 1829 1065 1892 oscula
1080 1835 1190 1910 terrae,

193 1930 457 2017 Roboribusque
472 1931 567 1994 dedi:
590 1951 652 1996 nec
666 1951 719 2023 me
735 1949 868 2014 sperare
883 1929 1032 2012 fatebar3
1058 1957 1061 2010 3
1183 1937 1185 1944 '

191 2157 275 2204 magne
283 2145 370 2206 putem·
385 2142 422 2191 eal
432 2141 530 2192 restitue
539 2140 599 2190 mitt
609 2156 678 2202 meas,
688 2141 725 2188 eei
743 2153 849 2202 campane
860 2153 896 2186 me
905 2139 977 2188 eiiam
987 2139 1083 2189 turneio.
1116 2139 1160 2188 Ille
1175 2141 1291 2193 indicium

185 2205 360 2268 secitsaigure‚
371 2212 395 2254 et
405 2209 496 2255 tonitru
511 2207 617 2254 secando.
651 2206 768 2267 Admitto,
778 2205 882 2267 iuquam,
891 2207 959 2266 atque
967 2219 1008 2252 ara
1017 2204 1065 2252 iata
1074 2203 1123 2252 aiat
1134 2206 1190 2254 leta
1202 2205 1292 2258 iudicia

191 2275 241 2318 tace
250 2269 392 2320 uoluntatis:
409 2271 434 2318 ia
442 2271 530 2333 pignus
539 2271 628 2332 accipie
635 2270 777 2332 presagium
789 2269 849 2330 quad
860 2267 919 2314 milri
927 2266 1007 2330 affere.
1042 2268 1113 2316 Forte
1130 2270 1209 2320 astitit
1224 2287 1292 2333 puer.

191 2348 231 2385 cua
242 2335 271 2382 de
281 2333 367 2382 samiae
378 2333 507 2393 Dadaaoea,
522 2333 580 2382 daci
598 2347 675 2391 saara,
694 2333 816 2382 rarissima
827 2332 901 2379 vastis
911 2332 991 2380 ramis.
1027 2331 1121 2379 Nasidi
1131 2333 1293 2395 vidimassor-

191 2398 265 2446 micas
277 2397 417 2458 frugilegas
435 2399 555 2446 tralaeatee
569 2412 642 2459 parea
659 2413 699 2445 are
710 2400 777 2457 ionga
789 2397 870 2444 ardiae
880 2409 989 2456 ammam
999 2397 1098 2458 pandas,
1109 2401 1178 2458 atqua
1187 2393 1293 2450 tenentes

190 2475 256 2509 mam
266 2461 374 2509 semitam
386 2475 546 2523 perasperum
564 2461 673 2509 uerticem
692 2475 809 2523 quercus.
845 2461 905 2508 Cam
920 2461 1011 2522 capiam
1025 2460 1163 2522 admirarer,
1177 2462 1292 2526 Totidem,

189 2524 548 2585 inqammeaaeedemilieires,
567 2537 652 2584 pareus
670 2525 765 2586 optime,
784 2528 855 2584 atque
873 2523 943 2582 imple
960 2538 1038 2570 maras
1055 2539 1146 2572 vamme.
1183 2527 1291 2580 Quercus

189 2588 281 2635 excelsa
291 2601 400 2634 amaeam
411 2592 455 2646 eat,
475 2589 546 2648 atque
556 2589 683 2648 strepitum
700 2588 783 2644 edidit,
794 2586 870 2634 ramis
879 2585 979 2645 agitatis
988 2587 1037 2636 eine
1048 2592 1123 2635 rento.
1157 2591 1291 2650 Artaafre·

187 2653 297 2698 mamert
307 2649 366 2697 milri
378 2649 469 2710 timida,
479 2654 503 2697 et
511 2650 590 2712 capilli
600 2655 668 2698 erant
678 2651 750 2700 erecti
760 2650 863 2698 horrare.
896 2649 1057 2698 Nihilominus
1075 2653 1218 2701 deosculatae
1238 2670 1290 2704 eum

186 2713 278 2762 'terram
287 2718 357 2775 atque
367 2728 489 2774 quercum:
506 2728 577 2776 aeque
588 2713 692 2763 testabar
703 2729 738 2762 me
748 2728 843 2776 sperare
847 2728 856 2770 ,¹
866 2713 987 2775 sperabam
994 2720 1080 2776 tamea,
1090 2720 1158 2778 atque
1167 2717 1290 2768 cavabam

158 2965 162 2978 ,
190 2919 240 2970 Sal
250 2921 690 2984 pmumarnptmgaaapmo.
724 2913 821 2982 Regius
836 2919 992 2980 emendavit,
1008 2921 1085 2970 mado
1101 2923 1138 2971 ita
1155 2923 1288 2976 sitdiceu·

189 2985 265 3034 dum:
292 2986 399 3036 isserat
417 2987 488 3048 ampl.
511 2988 571 3047 AEg.
590 2988 661 3048 Asap.
684 2983 836 3032 atim—619
860 2985 974 3034 Berolin.
991 2985 1128 3049 tonitrumq.
1145 2991 1289 3048 recemum,

183 3049 286 3112 ‚Spretii
299 3051 362 3100 Cod.
374 3052 499 3112 tonitrusq.
519 3052 720 3098 secandae—620
738 3049 778 3096 Ex
790 3049 904 3097 Berolin.
918 3063 960 3111 que
971 3049 1130 3098 abest—621
1150 3045 1288 3116 Vulgquoe

188 3115 231 3171 dea
241 3114 299 3163 mita·
309 3116 416 3176 pignoris
424 3130 469 3162 am.
482 3114 554 3163 etsie
564 3114 614 3162 duo
625 3115 660 3161 V.
677 3113 708 3160 In
718 3111 768 3160 alio
780 3113 811 3160 V.
823 3112 924 3161 Briant.
935 3120 962 3162 et
971 3113 1075 3162 caleat.
1085 3115 1287 3176 pignoratum.

188 3177 229 3226 Fl.
240 3177 268 3224 S.
281 3179 373 3238 Marci,
384 3179 435 3225 dno
447 3179 503 3225 Pal.
517 3193 556 3240 pr.
576 3177 657 3226 Grau.
669 3176 878 3238 quad-..piguerar,
890 3192 935 3224 am.
949 3176 1016 3238 quod
1037 3179 1125 3226 Burm.
1138 3180 1216 3228 etiam
1229 3196 1287 3244 pro·

188 3239 242 3288 bat.
259 3241 371 3289 Berolin.
393 3256 494 3304 quoque
515 3257 566 3303 qaae
585 3244 714 3289 dea-622
732 3239 786 3287 Pro
806 3241 926 3288 rarissima
947 3240 1036 3289 Burm.
1056 3243 1124 3305 conj.
1141 3244 1287 3304 eluricum,-

187 3303 296 3352 Bothius
316 3305 552 3353 celeberrima—623
570 3304 691 3352 Heidelb.
710 3301 777 3350 Sace.
802 3303 959 3353 laete-unt
976 3306 1051 3353 Voss.
1072 3321 1113 3353 noa
1124 3306 1288 3370 sructiieguer

187 3366 249 3416 Jun.
260 3373 288 3415 et
308 3370 357 3416 duo
369 3369 410 3416 alii
423 3368 566 3430 frugiferae.
583 3371 616 3417 V.
632 3375 659 3416 et
671 3375 780 3430 quatuor
798 3367 841 3414 ulii
851 3370 1033 3428 aspemardiae.
1050 3368 1083 3419 A.
1095 3379 1121 3416 et
1139 3372 1210 3420 Med.
1221 3388 1285 3432 agar.

187 3431 344 3480 aeae—ens
362 3433 427 3482 uua.
447 3434 628 3495 messappo:
645 3432 686 3480 aar
706 3429 787 3480 coac.
808 3433 911 3492 saarim
938 3432 980 3480 aar
1001 3435 1153 3493 repre-aaa
1173 3419 1285 3486 aurula

186 3507 235 3558 pro
246 3495 330 3544 timore
339 3497 432 3544 habent
442 3499 543 3559 pudore:
560 3497 636 3545 Cant.
649 3495 681 3544 Ο.
693 3501 720 3542 et
741 3494 783 3541 alii
794 3499 894 3543 tremore
902 3512 912 3552 ,·
929 3510 992 3543 unus
1009 3497 1079 3545 Med.
1088 3512 1193 3561 pauore‚·
1210 3491 1285 3552 Laid.

186 3564 356 3610 eruere-631
376 3562 458 3609 Gran.
468 3561 627 3617 hormarum
643 3560 701 3608 Pal.
711 3563 865 3620 torpuerant5
882 3569 934 3607 tres
945 3560 1079 3611 alremont.
1096 3563 1198 3612 Deinde
1209 3565 1284 3617 Voss.

684 3705 788 3756 NOTAE

217 3822 267 3868 619
284 3820 384 3882 Natam]
400 3820 622 3884 Favorissignum.
674 3871 677 3876 ,
754 3821 811 3870 dem
830 3837 939 3886 quereus
959 3825 1059 3872 vocales
1077 3821 1166 3887 finisse,
1182 3830 1210 3873 et
1227 3839 1283 3874 ora·
1300 3884 1303 3889 ,

217 3897 266 3943 628
283 3896 322 3944 De
330 3896 416 3943 semine
427 3895 557 3958 Dadoncea]
574 3897 606 3944 ld
618 3905 668 3957 est,
680 3913 712 3946 ex
753 3901 811 3949 cula
822 3901 944 3960 edidisse,
955 3901 1069 3949 nonnulli
1081 3899 1189 3950 fabulati
1201 3907 1271 3950 stant.

184 3968 287 4020 illarum
311 3986 449 4034 quercuum
479 3988 583 4036 genere,
607 3989 662 4035 quaa
687 3975 711 4022 in
784 3980 833 4025 629
859 3976 995 4040 Intremuit]
1031 3978 1161 4027 Firmandi
1189 3978 1282 4028 ominis

185 4044 257 4106 sylva
277 4047 337 4097 iovi
364 4065 446 4113 sacra,
469 4051 535 4113 apud
566 4051 712 4114 Dertosam,
751 4067 837 4102 eausa.

186 4115 260 4178 Epiri
280 4122 379 4188 urbem,
397 4126 559 4176 visebantur:
579 4142 640 4190 quas
657 4128 711 4190 qui·
783 4132 831 4177 632
848 4130 899 4178 Nea
909 4145 945 4200 me
954 4130 1059 4196 sperare]
1070 4131 1210 4196 Splendida
1221 4145 1281 4200 pro7
