2886 4774
219 309 306 376 1564
586 327 619 373 r.
643 323 764 374 ovrnrr
788 315 951 374 miserus

221 469 377 534 Herculis
389 473 533 546 utuntur,
549 467 673 534 fractus
687 470 870 552 morboque
882 463 1044 552 iameq'ue,

213 569 425 655 'velaturque
441 572 606 653 aliturque
621 574 760 651 ovibus3
783 571 1001 652 volueresqne
1014 568 1155 653 petendo

220 669 344 737 Debita
356 671 512 756 TroJ'anis
525 678 662 738 exercet
677 674 809 757 spicula
822 673 910 736 lotis.

220 771 284 837 Ille
296 777 405 836 temen
418 773 513 849 vivit,
530 773 690 855 quianon
706 773 876 837 comitavit
892 771 1028 860 Ulixen.

221 873 338 938 Mallet
348 880 386 939 et
398 874 516 938 infelix
531 875 730 940 Palamedes
744 895 817 940 esse
832 876 981 956 relictus..

219 973 378 1054 Viveret3
401 979 459 1038 ent
472 982 563 1040 certe
576 977 679 1040 letum
695 978 766 1040 sine
780 976 917 1041 crimine
932 974 1080 1039 baberet.

140 1139 144 1150 ,
216 1071 331 1152 'Quem
342 1075 429 1140 mele
444 1076 593 1139 convicti
607 1077 742 1140 nimium
758 1096 883 1140 memor
896 1077 959 1140 iste
973 1075 1094 1138 farone

165 1172 171 1180 '
221 1176 366 1242 Prodere
381 1195 448 1241 rem
465 1177 617 1240 Danaam
633 1178 750 1242 tinxitx
772 1175 953 1260 fictumque
970 1173 1128 1257 probavit

220 1275 366 1353 Crimen,
381 1283 413 1341 et
426 1278 581 1355 ostendit,
598 1277 690 1361 qnod
705 1279 774 1362 jem
791 1277 1147 1360 pededentim.
1251 1277 1255 1283 “

220 1377 308 1466 Ergo
323 1385 380 1443 eut
394 1367 602 1442 exilio'rires
618 1378 778 1442 subduxit
792 1376 943 1456 Achivis,

219 1476 289 1543 Ant
302 1499 394 1543 nece.
439 1480 497 1544 Sic
511 1487 646 1563 pugnet,
662 1482 712 1542 sie
727 1484 778 1541 est
791 1477 996 1554 metuendae,
1013 1475 1144 1541 Ulixem

221 1577 303 1658 Qui,
317 1581 398 1644 licet
410 1580 541 1662 eloquio
555 1579 656 1642 fidum
675 1599 809 1662 quoque
826 1578 969 1642 Nestora
982 1577 1106 1655 vineat,

221 1681 257 1744 H
260 1682 325 1745 eud
339 1687 449 1746 tamen
461 1680 592 1755 efficiet,
606 1679 774 1742 desertum
790 1685 828 1742 ut
843 1679 878 1742 N
879 1685 988 1743 estora
1001 1680 1126 1743 crimen

209 1925 263 1974 ore
270 1925 400 1962 memore
408 1912 505 1974 ragitta
516 1913 628 1962 Herculio
637 1916 746 1973 amator,
757 1911 876 1971 cordedie
887 1913 966 1962 morbo
977 1917 1001 1961 et
1012 1909 1089 1973 same,
1102 1915 1126 1960 et
1136 1908 1229 1972 regitur
1239 1915 1264 1959 et
1274 1925 1323 1960 me·

219 1977 424 2037 temtatarnoibru,
434 1982 504 2039 atque
520 1978 599 2025 utitor
613 1977 711 2038 regillis
729 1976 817 2026 debitio
832 1977 925 2026 excidio
944 1975 1046 2036 Troiam
1064 1975 1160 2024 alitibus
1177 1975 1321 2037 praederndie.

220 2038 265 2088 Ille
274 2045 353 2089 lameri
363 2041 412 2089 rita
426 2040 523 2100 fruitur
534 2043 589 2103 qaia
605 2057 652 2090 aar
661 2041 786 2089 comitatem
803 2047 837 2090 eet
852 2041 968 2104 Ulyerem.
1002 2040 1080 2088 Mirer
1091 2039 1232 2088 Palameden
1241 2038 1324 2088 mallet

219 2105 291 2153 etiam
300 2119 349 2154 eree
362 2105 497 2153 destitutus.
536 2107 649 2162 liberet,-
665 2109 706 2153 aret
718 2113 781 2153 certe
791 2109 887 2153 mortem
895 2105 1030 2167 appeltam
1041 2104 1092 2152 riae
1102 2103 1209 2151 mimine
1245 2103 1323 2157 Quem

218 2167 266 2216 iete
273 2169 371 2218 mintium
379 2170 571 2218 memoreemnioe
581 2169 709 2228 infeliciter
716 2169 827 2232 prodito,
835 2173 975 2218 commeretur
983 2173 1019 2216 eet
1026 2169 1124 2230 prodere
1130 2181 1180 2216 rem
1191 2167 1321 2222 Graecam

219 2235 289 2293 atque
300 2233 447 2297 confirmarit
458 2233 578 2281 inventrem
588 2234 676 2282 crimem
686 2249 695 2289 ,·
718 2239 742 2281 et
752 2232 894 2282 memorarit
904 2247 989 2281 aorem
1000 2233 1061 2294 qued
1071 2235 1127 2280 ante
1136 2231 1207 2286 bema
1217 2234 1322 2278 texerat.

219 2295 330 2359 Adeoque
348 2298 455 2346 detraxit
468 2296 530 2344 riree
547 2297 641 2346 Gracia
659 2303 702 2346 aret
720 2296 792 2346 exilio
812 2302 855 2346 aret
865 2301 947 2344 morte.
984 2297 1081 2359 Ulyeeee
1097 2296 1228 2355 decertat,
1239 2295 1275 2342 rie
1286 2296 1322 2340 eet

219 2358 413 2418 reformidandae.
449 2360 498 2416 Qut
509 2362 613 2424 quamvis
630 2366 723 2427 reperet
741 2361 813 2410 etiam
824 2361 923 2426 fidelem
942 2360 1068 2409 Nestorem
1087 2359 1231 2421 oerbie,rem
1242 2363 1322 2407 tomen

680 2495 856 2516 Um

210 2581 312 2639 ‘magna
347 2577 397 2626 aad
409 2577 518 2626 Botbine
529 2576 624 2626 reetine
635 2583 782 2640 putet—dt
799 2579 831 2628 ln
843 2577 998 2642 quibusdem
1008 2579 1226 2640 emiturque-⁵4
1247 2575 1321 2626 Leid.

218 2639 279 2699 dno,
290 2649 317 2688 et
355 2654 407 2687 ron.
419 2647 447 2688 et
458 2648 511 2688 tres
523 2641 566 2689 alii
580 2642 668 2689 Dedito
683 2642 745 2701 Μ.
762 2657 801 2705 pr.
820 2643 901 2692 Gran.
917 2643 1066 2690 irrite-bb
1081 2641 1213 2690 Gemitenit
1226 2640 1320 2688 Heius.

218 2703 291 2752 dedit
302 2717 335 2752 ex
356 2704 394 2752 ill.
404 2704 430 2753 S.
442 2703 536 2765 Marci,
552 2711 580 2752 et
597 2719 646 2752 nno
665 2705 747 2754 Gron.
765 2706 834 2768 vulg.
851 2705 995 2763 comitatum
1010 2705 1084 2754 malti
1096 2705 1173 2753 etiam
1183 2704 1320 2754 comitatur.
1428 2705 1429 2729 ³

209 2771 284 2816 ·-eo
300 2767 339 2816 Fi.
351 2767 377 2816 S.
388 2767 473 2818 Marci
491 2768 576 2816 Mallet
595 2783 641 2831 pro
652 2769 719 2832 vulg.
732 2769 878 2818 Vellet-68
895 2770 969 2818 ldem
982 2769 1059 2824 Quam
1069 2770 1126 2816 mal.
1145 2768 1215 2817 Dein
1224 2768 1320 2831 Sebep-

122 2859 124 2862 -
210 2839 274 2894 'pen
285 2832 353 2894 eonj.
369 2830 470 2896 conficti,
486 2832 553 2896 quod
566 2831 698 2895 probabile
710 2833 799 2882 Burni.
813 2832 926 2896 judicat,
944 2833 985 2882 vel
996 2832 1110 2881 contecti.-
1128 2847 1169 2895 pr.
1186 2831 1270 2883 Gron.
1292 2837 1321 2880 et

219 2902 272 2944 trer
295 2897 337 2944 elii
356 2895 452 2944 babent
471 2897 607 2946 emelotam.
641 2898 704 2945 Mox
719 2897 833 2946 Berolin.
852 2898 893 2945 ille
909 2897 1029 2957 snm—69
1053 2897 1115 2944 Dno
1131 2910 1171 2945 ree
1188 2896 1319 2952 Dammae

207 2958 292 3008 'multi
303 2960 382 3009 etiem
392 2960 436 3008 alii
446 2959 630 3010 Danaum-6⁰
638 2961 728 3010 Borm.
741 2961 845 3024 projam
854 2962 928 3009 malit
938 2963 1016 3016 elam
1026 2966 1054 3010 et
1066 2959 1127 3007 inde
1137 2959 1246 3009 Bathine
1257 2959 1321 3022 legit

218 3037 262 3084 quo
272 3025 402 3073 elam-dl
421 3025 481 3072 Bae.
493 3030 520 3072 et
531 3031 592 3073 tert.
605 3024 677 3074 Med.
694 3026 740 3074 eir.
759 3025 882 3083 ediderim·
899 3030 927 3074 et
939 3022 1010 3072 Leid.
1021 3022 1082 3084 dna,
1098 3029 1127 3072 et
1146 3025 1181 3074 N.
1201 3029 1230 3072 et
1252 3024 1319 3085 Arg.

219 3100 265 3148 pro
284 3101 338 3136 rer.
358 3088 420 3136 leet.
439 3087 613 3138 delirae-dt
631 3088 691 3138 Ber.
706 3089 750 3150 fid.
769 3087 815 3136 eibi
833 3090 867 3138 N.
883 3087 952 3153 qnod
971 3089 1060 3138 Barm.
1077 3085 1207 3136 efficaciae
1225 3093 1318 3150 potet:

219 3155 248 3200 et
259 3150 318 3200 dein
332 3151 446 3201 Berolin.
457 3151 609 3202 eidem—dt
626 3153 748 3202 Heidelb.
766 3154 821 3201 Nori
832 3157 891 3202 tam.
927 3152 960 3201 Ut
970 3157 1070 3215 neptem
1081 3151 1141 3201 libri
1151 3165 1203 3201 non
1213 3151 1319 3201 babent.

717 3311 823 3363 NO'l'AE

250 3425 281 3470 58
294 3415 751 3486 Velatrrr]Pennanrmeontextneon
788 3430 940 3488 cogeretnr5
967 3440 982 3475 a
998 3423 1141 3473 Palamede
1165 3428 1258 3486 postea
1274 3422 1318 3472 de·

208 3493 275 3562 ¹pori
295 3503 444 3560 tegumenta
463 3497 555 3548 fecisse
572 3501 747 3564 Pbiloeteten,
788 3515 918 3564 premam.
1203 3563 1205 3568 ,

219 3587 252 3622 ex
262 3573 336 3622 Attio
348 3573 435 3638 podia,
446 3589 521 3639 quem
533 3580 561 3623 et
573 3575 637 3624 citat
645 3575 747 3640 Cicera,
819 3581 850 3626 61
879 3574 974 3638 Exitio]
1007 3573 1084 3627 Quod
1099 3573 1258 3624 Philocteta
1275 3590 1319 3626 ex·

208 3646 393 3699 'confirmatum
499 3697 504 3706 ,
787 3651 1083 3716 emploeornprobetnm.

191 3755 195 3761 ·
250 3728 282 3774 bt
291 3723 391 3787 Debita]
409 3724 476 3777 Quia
484 3724 596 3776 eineillie
605 3725 747 3790 cepi'l'roje
818 3735 851 3780 62
887 3728 961 3792 Nece]
999 3726 1075 3779 Quod
1098 3740 1147 3790 per
1172 3725 1319 3778 extinctam

219 3815 270 3851 non
281 3806 394 3864 poterat.
786 3805 951 3856 Palamedem
963 3803 1051 3869 liqnet.

250 3881 282 3926 bl
299 3877 357 3926 Sine
366 3874 476 3939 erimine]
509 3877 573 3926 Cum
592 3877 746 3940 proditionis
817 3886 850 3932 de
886 3877 1024 3940 nemum]
1069 3878 1177 3926 Frustra
1209 3876 1318 3940 insuper

218 3951 746 4019 insimulatae,tanquammaniieetmlepi·
787 3959 907 4022 Ulyssem
923 3954 955 4004 ed
974 3953 1094 4003 auxilium
1111 3951 1218 4001 Nestori
1232 3950 1318 4002 teren-

122 4086 126 4096 .
218 4025 505 4076 diboeabrutaesnerit.
791 4032 853 4082 dam
881 4028 1011 4080 Diomede
1045 4026 1215 4089 inelrmaate3
1251 4041 1320 4090 enm,

252 4103 283 4147 58
292 4101 400 4163 Furoris]
408 4102 746 4168 Diximuesnpraineaniam
789 4106 884 4157 ceteris
896 4116 998 4169 qnoque
1010 4102 1111 4152 Graecis
1121 4099 1196 4151 Jova
1206 4100 1319 4154 fulmini·
1424 4131 1425 4148 r

220 4174 350 4226 eimnlmee
377 4175 509 4252 Ulyssem,
531 4193 564 4229 ne
590 4180 624 4230 ed
650 4181 746 4234 bellum
790 4181 838 4233 bas
849 4179 980 4232 exterritis
991 4183 1019 4227 et
1028 4175 1133 4242 lugitis,
1144 4177 1250 4243 Nestor,
1263 4180 1317 4228 rul-
1399 4169 1402 4179 ¹
1424 4175 1425 4236 i
