2930 4778
223 327 311 398 :eet
594 345 627 393 r·
647 342 768 392 evrorr
793 340 955 398 nasonis

222 488 314 570 ffige
328 488 387 551 ubi
401 507 437 552 se
450 487 606 570 liquidas,
619 505 686 571 quo
700 489 751 554 rir
765 488 991 564 descenderat,
1006 486 1115 556 undas
1253 481 1320 552 Μ

224 589 440 654 Semimerem
452 590 572 654 fecisse
584 591 685 667 videt,
701 591 894 672 mollitaque
908 589 1025 653 inillis
1299 611 1305 622 ·

226 690 399 770 Membra;
422 711 539 755 manns
555 691 701 769 tendens,
718 693 778 758 sed
788 693 859 775 jam
875 711 939 756 nen
953 711 1036 756 voce
1045 690 1147 769 virili,

225 791 528 871 Hermaphroditus
544 794 603 871 ait,
617 793 710 858 Nate
725 795 801 858 date
815 811 952 858 munera
964 797 1084 870 vestro,

224 891 268 958 Et
281 900 373 977 pater
386 903 419 960 et
433 897 586 977 genitrix,
603 897 774 962 amborum
787 915 907 959 nomen
921 895 1075 958 habenti:

222 995 390 1078 Quisquis
404 999 437 1058 in
452 996 514 1060 hes
526 997 633 1062 sentes
646 998 698 1063 vir
710 998 851 1074 venerit,
867 1003 966 1062 exeat
980 995 1056 1062 inde
1254 991 1320 1060 385

224 1096 385 1162 Semivir:
408 1104 440 1161 et
454 1100 554 1166 tactis
569 1099 679 1164 subite
694 1098 868 1166 mollesoat
881 1099 915 1162 in
930 1098 1038 1165 undis.

224 1197 344 1262 Motus
358 1206 492 1283 uterque
506 1219 629 1283 parens
642 1201 711 1266 nati
725 1205 797 1264 rata
810 1207 892 1264 veta
911 1200 1062 1268 biformis

224 1299 330 1379 Fecit,
347 1307 381 1364 et
395 1301 518 1368 incerto
532 1301 654 1366 sentem
667 1301 885 1368 medicamine
897 1301 1006 1365 tinxit.

287 1601 379 1668 Fra.
402 1602 492 1670 XII.
544 1602 731 1688 Minyeides
743 1603 912 1670 'Ibebunee
928 1603 963 1666 in
977 1601 1254 1686 Vespertiliones.
1308 1644 1314 1658 ι

223 1763 385 1816 dissuasere
395 1767 523 1819 Thebanae
535 1782 636 1817 sereres
645 1766 725 1818 tuisse
737 1768 890 1832 produntur,
899 1784 1006 1836 quarum
1016 1770 1183 1819 solertissima
1191 1766 1321 1829 Alcithoe,

255 1851 283 1894 et
302 1846 448 1907 Leuconoi,
468 1847 555 1897 Liberi
576 1863 650 1898 sacra
670 1850 747 1914 qnod*
758 1851 783 1899 in
801 1857 959 1900 contemtum
977 1851 1175 1911 devocaverunt,
1191 1849 1318 1898 Minervae

254 1923 366 1976 lanificio
374 1925 495 1992 addictas,
503 1941 535 1976 er:
543 1928 683 1993 improsie
691 1931 732 1981 die
741 1931 858 1995 numinis,
866 1933 970 1984 vecibus
978 1931 1130 1982 tibiamrnet
1138 1937 1318 1994 tympanorum

254 2021 317 2057 sene
328 2010 460 2058 exterritae
472 2017 541 2074 snat,
552 2026 610 2075 que
622 2013 744 2062 tamenin
756 2021 896 2078 conspectu
908 2027 958 2063 troo
970 2013 1097 2062 viderant.
1129 2011 1198 2060 Dein
1213 2010 1257 2061 nbi
1266 2009 1321 2060 sni·

254 2089 419 2139 madvertere
431 2089 494 2139 teies
506 2092 728 2157 instrumentaque
738 2095 822 2147 suain
832 2092 953 2142 hederam
969 2107 1000 2142 ae
1012 2093 1078 2142 vites
1091 2098 1199 2156 repente
1208 2097 1321 2160 mutate,

254 2167 506 2218 etieeumassnetum
513 2167 575 2219 feris
582 2173 879 2237 reptetum‚noetenque
886 2173 1036 2223 timentibus
1043 2169 1193 2235 effusam,in
1202 2169 1318 2222 volueres

253 2261 386 2300 conversae
397 2255 468 2310 sunt,
479 2264 542 2314 qne,
548 2251 744 2313 vespertilione
757 2259 888 2303 vocentur.

222 2373 263 2459 F
264 2415 341 2464 1an
356 2406 428 2462 erat
438 2399 558 2480 dictis:
580 2407 612 2465 et
625 2399 734 2466 adbuc
750 2400 899 2484 Minyeia
911 2400 1023 2484 proles
1327 2467 1330 2476 ,

222 2495 325 2580 Urget
338 2517 437 2582 epae,
453 2500 646 2583 spernitque
660 2501 783 2580 Deum,
796 2501 985 2585 festumque
999 2500 1166 2584 profanat:
1254 2501 1318 2565 390

220 2661 332 2713 videnter
342 2669 451 2713 nestrum
465 2669 490 2714 et
500 2670 640 2728 stramem
655 2679 709 2715 eum
725 2665 802 2728 igitur
822 2664 1037 2728 Hermaphroditus
1049 2664 1124 2712 canit
1134 2677 1206 2726 eques
1215 2663 1318 2728 strider,

221 2741 266 2788 qao
274 2727 311 2776 eir
317 2730 461 2791 ‘inhaesere
469 2730 597 2778 reddidisse
605 2730 749 2793 semivirum,
759 2735 783 2779 et
793 2734 859 2778 emus
869 2744 916 2777 esse
927 2727 1082 2792 effeminatos
1092 2729 1118 2776 in
1128 2729 1187 2790 iilis,
1195 2731 1320 2791 porrigens

221 2803 304 2840 meam
313 2792 387 2854 dixit,
398 2794 492 2841 sednon
501 2794 554 2855 jem
562 2807 617 2842 sone
625 2795 734 2855 maculo,
746 2795 769 2842 0
778 2791 848 2856 peter
857 2798 880 2842 et
891 2791 1059 2852 nuter,focite
1070 2793 1095 2840 in
1104 2793 1267 2856 gremmfllii
1278 2794 1318 2856 pai

222 2853 292 2904 babet
301 2870 385 2906 nemen
392 2857 523 2920 ariesque,
533 2861 560 2905 ut
571 2858 706 2920 animmque
716 2856 920 2908 mesdeseenderr‘t
927 2859 953 2904 in
963 2856 1100 2915 betfontis,
1110 2857 1247 2918 egredietur
1261 2858 1318 2908 inde

217 2918 318 2973 'semivir
322 2935 332 2978 ,·
348 2927 371 2969 et
382 2936 396 2968 r
464 2936 477 2969 e
496 2921 628 2969 emollietur
641 2922 668 2969 in
685 2921 752 2984 equis
768 2921 847 2970 tectis.
880 2921 973 2969 Perens
992 2925 1089 2982 aterque
1099 2917 1318 2986 amaemfitrnesit

221 2983 378 3051 precesfliiie
421 2985 426 2996 '
464 2985 477 3045 ⁸,
486 2990 511 3034 et
521 2983 703 3044 inseritferrtem
713 2986 794 3046 Quoto
805 2999 899 3034 senene.

247 3059 304 3099 «ιιι.
320 3048 475 3100 ,disciverant
485 3063 540 3098 mes
550 3048 706 3112 mustiones,
717 3049 827 3100 etudine
838 3047 947 3112 Minyeia
955 3046 1081 3112 merenies
1087 3053 1209 3112 premeret
1220 3062 1285 3113 epus,
1294 3051 1318 3098 et

221 3275 301 3322 -885
319 3271 393 3320 Unus
404 3271 477 3320 Laid.
489 3286 536 3335 pre
548 3285 601 3321 var.
612 3272 674 3322 lect.
688 3271 726 3320 eir
736 3271 823 3328 sciet:
847 3272 916 3322 nnde
934 3273 1024 3322 Heius.
1042 3271 1111 3334 conj.
1128 3270 1228 3319 meent.
1245 3269 1318 3320 Med.

221 3349 261 3448 gr.
276 3341 346 3385 exest
364 3336 522 3413 idem-atie
542 3335 633 3412 ideins.
652 3335 726 3386 rnaiit
741 3335 771 3386 ab
786 3336 866 3398 andis,
884 3336 926 3386 rei
945 3341 972 3386 ut
990 3335 1149 3408 endis-887
1169 3332 1235 3428 Vere·
1251 3348 1318 3384 unns

245 3415 321 3449 ersm.
333 3405 362 3450 et
371 3401 415 3449 sirr
426 3414 460 3449 ex
471 3401 575 3450 Hernsrr
583 3399 659 3450 cedd.
671 3401 742 3464 reip.
752 3400 913 3452 essin-888
930 3401 1002 3450 Unus
1011 3398 1084 3482 Med.
1095 3403 1119 3446 et
1128 3401 1235 3456 susac,
1252 3413 1317 3448 nnus
1368 3455 1372 3467 1

713 3553 823 3606 NOTAE

252 3667 301 3714 ³82
318 3663 524 3729 Messstesderrs]
547 3665 587 3716 Ad
597 3666 690 3730 sidera,
700 3666 748 3716 sei·
788 3663 832 3712 nbi
849 3661 986 3712 latrocinia
1001 3660 1159 3711 exercebant
1175 3661 1208 3710 ad
1227 3668 1317 3716 netem

219 3740 291 3802 lieet,
302 3740 345 3805 qui
357 3741 518 3804 precantium
530 3756 584 3790 mos
594 3746 643 3790 est.
788 3737 885 3790 iontem
901 3737 1098 3799 descenderent,
1112 3737 1148 3786 ibi
1168 3737 1195 3786 in
1213 3737 1318 3790 Greco-

252 3819 301 3865 388
327 3815 422 3880 tinxit]
445 3816 522 3866 Fsiso
543 3816 670 3866 creditum
691 3831 748 3868 esse
788 3813 1318 3868 rumconsuetudinemetsusvitstemsss

220 3905 330 3942 veneres
349 3885 457 3941 mollitie
475 3892 608 3958 implicare
626 3893 748 3943 Salmaci·
789 3893 924 3941 voluntate
942 3889 1043 3939 reducti
1059 3887 1164 3939 fuerint.
1204 3890 1318 3944 Divitias

219 3966 278 4016 dem
295 3967 392 4031 eosqui
408 3981 441 4017 ex
457 3982 505 4016 suo
521 3967 594 4018 ferte
613 3968 748 4033 bibissent,
788 3972 816 4016 et
823 3966 906 4015 victus
913 3965 1140 4028 intemperentiam
1148 3980 1237 4018 voram
1245 3967 1316 4020 dicas

218 4041 324 4106 scripsit
342 4041 488 4096 Vitruvius:
517 4050 593 4109 atque
614 4045 653 4094 ait
679 4045 747 4094 iden:
786 4038 966 4092 Salmacidem.

215 4115 314 4168 iebulae
326 4117 409 4166 iocum
425 4117 537 4181 dedisse,
548 4119 617 4184 qued
627 4119 659 4168 sb
669 4117 748 4182 Argis
819 4121 868 4168 890
885 4117 964 4182 Opes]
979 4119 1080 4183 Talem,
1095 4119 1137 4169 die
1155 4119 1259 4173 Baccho
1278 4133 1316 4170 ss·

219 4191 322 4242 sedibus
333 4191 400 4255 pulsi
412 4193 491 4246 Ceres
500 4187 561 4246 'enm
577 4209 610 4245 ex
619 4195 747 4256 montibus
787 4211 843 4261 cre,
853 4196 943 4261 nectit,
953 4194 1092 4252 lanificium
1101 4203 1222 4258 exercet:
1231 4195 1313 4262 ,qued
