2866 4772
404 323 760 377 uerruonrrronnon
787 327 860 378 ern.
885 331 942 378 xr.
1135 313 1222 393 1507

125 466 342 552 Iureuiesque
357 475 415 534 tuo
431 488 491 551 pro
505 471 648 554 conjuge
663 470 814 554 conjugis
829 473 990 546 umbram.
1157 471 1222 538 660

126 567 184 635 Nil
198 572 287 654 opis,
304 571 492 654 Halcyone,
508 573 605 643 nobis
620 581 681 634 tua
697 581 775 636 vota
790 575 946 664 tulerunt.

126 669 322 735 Occidimns
335 695 343 736 :
356 663 461 736 ¹salsae
476 675 535 736 tibi
551 693 602 735 me
618 676 808 756 promittere
825 676 904 739 noli.

125 771 272 836 Nubilus
288 775 406 855 AEgaeo
422 773 596 855 deprendit
608 775 642 835 in
655 793 788 856 aequore
810 775 923 838 navim

123 865 255 953 Auster,
271 883 305 938 et
319 877 441 958 ingenti
453 876 616 959 jactatam
632 876 766 941 flamine
782 877 900 940 solvit:

125 973 260 1058 Oraque
274 987 402 1055 nostra,
418 983 509 1040 tuum
523 977 644 1042 frustra
658 978 835 1042 clamantia
848 998 981 1058 nomen,
1155 977 1222 1042 665

123 1075 307 1160 Impleruut
319 1079 450 1143 fluctus
496 1075 574 1142 Nou
587 1079 659 1143 haec
674 1080 734 1142 tibi
748 1080 877 1150 nuntiat
892 1085 1009 1146 auctor

124 1177 331 1259 Ambiguus:
354 1198 418 1241 non
432 1179 498 1242 ista
513 1182 609 1260 vagis
624 1181 809 1243 rumoribus
824 1181 945 1252 audis:

124 1279 203 1361 Ipse
217 1299 279 1360 ego
293 1279 364 1344 fata
378 1281 440 1343 tibi
454 1301 606 1364 praesens
621 1301 697 1346 mea
711 1283 890 1364 naufragus
905 1282 981 1347 edo.
1067 1347 1071 1352 ,

124 1380 241 1462 Surge,
257 1401 334 1464 age:
355 1383 403 1452 ‚da
415 1384 603 1466 laerymas;
626 1385 842 1465 lugubriaque
857 1383 975 1447 indue:
1000 1403 1061 1448 nec
1076 1403 1129 1454 me

123 1481 374 1564 indeploratum
390 1486 452 1547 sub
467 1485 582 1548 inania
595 1486 735 1548 Tartara
748 1487 850 1550 mitte.
1122 1480 1129 1488 ’
1159 1485 1223 1550 670

122 1581 252 1667 Adjicit
262 1584 313 1648 his
328 1605 444 1649 vocem
461 1585 663 1668 Morpheus;
681 1607 789 1668 ¹quam
804 1588 955 1671 conjugis
970 1588 1029 1652 illa

60 1694 65 1703 ’
124 1683 281 1750 Crederet
293 1704 368 1749 esse
383 1688 444 1750 sni.
489 1687 602 1752 Fletus
617 1707 752 1770 quoquc
766 1689 901 1752 fundere
917 1709 1015 1752 veros

122 1785 233 1850 visus
248 1793 334 1851 erat:
358 1793 553 1870 gestumque
566 1808 681 1852 manus
696 1789 818 1872 Ceycis
833 1790 1013 1854 habebant.

123 1886 281 1968 [Ingemit
295 1886 473 1969 Halcyone
488 1889 687 1970 lacrymam,
703 1895 873 1971 metatque
887 1891 1030 1954 lacertos

124 1987 192 2050 Per
206 2007 376 2052 somnum:
399 2007 588 2070 corpusque
602 1993 717 2070 petens
732 1989 941 2070 amplectitur
955 2008 1072 2054 auras:
1158 1991 1225 2058 675

123 2087 385 2171 Exclamatque,
401 2088 522 2152 Mane:
546 2093 662 2170 quote
678 2089 792 2170 rapisl
816 2088 939 2152 ibimus
954 2091 1049 2170 una]

122 2282 371 2347 defamatasmortel
404 2285 516 2345 Intuere5
540 2302 668 2349 agrrasces,·
690 2293 760 2350 atque
777 2287 878 2350 repaire
893 2301 938 2348 pra
957 2293 998 2336 tac
1016 2288 1103 2336 marita
1121 2287 1226 2337 amiram

122 2350 216 2400 mariti.
251 2350 404 2413 Taoepreces,
422 2351 553 2414 Halcyone,
572 2351 637 2400 natm
655 2353 717 2400 nuuc
736 2351 956 2410 arcrciliosueruut.¹
981 2352 1107 2401 Petimus.
1140 2353 1225 2401 Neme
1306 2402 1312 2408 ,

119 2429 202 2478 speres
213 2415 316 2476 decepta,
342 2415 432 2462 Auster
439 2415 533 2476 placius
543 2417 658 2478 corripuit
666 2431 747 2464 aaran
756 2416 782 2463 ia
793 2417 855 2464 mari
866 2417 959 2475 AEgoec‚
969 2421 992 2464 et
1004 2415 1097 2475 disiecit
1105 2415 1225 2476 agitatm

121 2480 213 2542 spirata
224 2479 353 2526 vehementi
362 2495 371 2535 ,·
391 2482 414 2526 et
432 2481 501 2526 auda
512 2480 663 2541 impleuerant
682 2495 707 2528 cc
726 2485 829 2528 nastrum
848 2479 925 2527 atam
935 2479 1031 2538 fruma
1049 2495 1131 2528 acmen
1150 2487 1224 2530 tuum.

123 2545 233 2592 Nautius
243 2543 344 2592 maras
354 2557 400 2590 aaa
410 2541 456 2590 titi
473 2543 522 2591 tac
540 2543 631 2603 ψόαι,-
646 2559 693 2591 naa
710 2544 795 2606 accipis
811 2545 858 2593 ista
875 2559 918 2606 per
935 2544 1136 2594 dabiacmmcras.
1170 2545 1225 2605 Ege

120 2608 175 2670 ipse
192 2605 322 2667 naufragas
339 2605 386 2653 riti
401 2611 482 2653 astam
500 2607 544 2655 titt
563 2609 633 2656 uarro
651 2623 726 2656 rmum
743 2613 837 2658 mrtem.
870 2607 947 2668 Erige
966 2613 999 2672 te,
1019 2623 1095 2671 maso
1104 2625 1113 2666 ,·
1141 2609 1225 2658 exhibe

118 2671 207 2735 fletus,
227 2675 297 2732 atquc
314 2685 404 2718 msame
423 2673 542 2729 tumeam
559 2687 630 2734 neque
648 2687 684 2720 me
701 2673 770 2721 mitte
786 2688 832 2720 nau
847 2671 958 2735 defletum
975 2673 1018 2722 sub
1030 2673 1102 2722 exitia
1115 2674 1224 2722 Tartara.

123 2735 256 2795 Morpheus
267 2733 304 2782 tris
314 2733 407 2782 addidit
425 2748 509 2796 nocem,
526 2751 595 2798 qoam
612 2736 655 2784 illa
672 2737 829 2785 arbitraretur
844 2751 898 2797 esse,
910 2739 948 2784 sut
965 2738 1057 2785 urariti.
1094 2734 1163 2786 Vicat
1173 2742 1226 2786 crat

122 2797 200 2848 etiam
214 2800 322 2846 emittere
333 2811 400 2845 ceras
417 2797 549 2861 lacrymam·
565 2805 588 2847 et
604 2815 686 2848 marrus
703 2800 857 2848 imitabuntur
871 2805 963 2860 gestam
981 2801 1072 2862 Ceycis.
1105 2801 1227 2862 Halcyone

117 2865 187 2928 fleus
202 2864 317 2924 caperat,
336 2866 360 2908 ct
372 2867 448 2910 maret
459 2863 554 2910 tractio
573 2863 717 2923 dormiendo,
736 2869 760 2910 et
776 2877 879 2925 quarens
889 2877 971 2925 corpus
980 2863 1130 2924 amplectitur
1140 2864 1227 2925 atirerm

124 2933 197 2991 atque
208 2925 358 2986 vociferatur,
369 2925 460 2984 Manu
476 2941 520 2988 quc
535 2923 664 2988 prefitgtsi
677 2925 850 2990 proficiscemur
865 2941 918 2975 uua.
954 2925 1100 2985 l'rcrnefucta
1109 2940 1152 2976 sua
1162 2941 1226 2990 sace,

586 3051 690 3071 ”NON
693 3051 766 3072 '0500

124 3135 192 3186 beat
204 3135 413 3198 (lepraque—66⁰
430 3133 531 3185 Arund.
551 3139 600 3183 tata
616 3151 660 3198 pra
679 3149 790 3197 corpore.-
813 3134 881 3183 unde
900 3135 990 3184 Burm.
1007 3134 1173 3184 qumtestcto
1183 3150 1226 3198 pra

126 3213 224 3312 att?
245 3201 348 3312 {illi
365 3199 1123 3328 trinita,mtlttttttttttfttttztttmitt
1133 3205 1228 3313 [³⁶3

126 3317 202 3378 Med.
216 3298 284 3388 Ἐς.
302 3328 417 3390 depressit
434 3299 475 3376 ia:
495 3296 597 3376 Deinde
618 3327 661 3375 alii
680 3343 725 3390 oeq.
741 3300 911 3378 navens-66⁷
928 3319 1041 3377 Berou'n.
1061 3299 1227 3391 laceruopro

127 3391 229 3452 umag.
262 3393 336 3440 'l'unc
347 3391 420 3440 Med.
431 3392 498 3439 ruatis
509 3406 555 3453 pre
566 3392 642 3452 ragis.
659 3392 734 3440 Voss.
757 3407 812 3453 rag.
826 3391 944 3440 maribus
953 3393 1086 3441 aad-6⁷1
1105 3393 1227 3443 Heidelb.

126 3455 232 3505 Addidit
240 3455 277 3503 tris
288 3459 418 3504 secrete
429 3457 490 3506 Bas.
511 3470 578 3517 quoq.
597 3457 692 3504 mittere
713 3455 987 3506 ver.-cral³1anutes
1004 3470 1062 3506 cum
1075 3457 1227 3520 quibusdam

129 3519 214 3570 Codd.
225 3525 384 3584 sceptrumque
398 3535 431 3572 m.
442 3521 470 3568 C.
481 3519 587 3568 latebat.
605 3518 640 3569 0.
652 3525 679 3570 et
689 3525 742 3570 tres
752 3521 797 3570 alii
808 3521 871 3570 dant
886 3521 1091 3572 dolebunt—titt
1107 3522 1151 3572 Sic
1161 3521 1227 3572 Gro-

626 3682 732 3732 NOTAE

163 3802 212 3848 666
229 3795 324 3859 AEgac]
349 3797 397 3846 Cui
406 3795 471 3847 mari
483 3811 521 3857 se,
531 3794 661 3848 Trachine
732 3801 781 3847 676
808 3795 996 3860 Indeploratum]
1030 3792 1122 3844 Multa
1148 3785 1229 3844 etiam
1306 3799 1309 3807 '

129 3875 157 3925 in
169 3873 269 3923 Ioniam
281 3873 374 3933 iterus,
385 3873 456 3936 Ceyx
467 3873 623 3924 crediderat.
701 3874 822 3922 utilitatis
829 3873 972 3923 eredebant
982 3886 1037 3922 esse
1043 3871 1111 3933 apud
1117 3867 1230 3933 inferos,

164 3956 214 4000 664
240 3950 341 4012 Auster]
376 3951 471 3999 Eurum
495 3951 577 4014 primo
598 3957 662 3999 tem·
702 3949 823 4012 plurimos
837 3947 954 3996 habuisse
970 3943 1229 4009 insuperisquisub-

131 4026 241 4091 pestatis
253 4025 409 4074 concitorem
421 4024 504 4074 Poeta
512 4031 552 4075 48.
561 4041 600 4074 vs.
609 4040 662 4074 me·
702 4025 781 4077 tatum
792 4021 932 4074 flevissent.

131 4101 255 4152 marcuit:
273 4115 305 4148 ne
314 4099 540 4165 omniaveraesse‚
548 4091 605 4167 quer
614 4114 662 4166 per
733 4103 781 4150 676
799 4096 899 4160 Corpus]
919 4096 1012 4160 Ceycis
1023 4095 1072 4156 cui,
1086 4109 1163 4160 quem
1181 4109 1229 4161 per

132 4173 453 4250 mmniaviderismedas.
655 4219 660 4226 .
702 4187 817 4228 somnum
828 4172 949 4238 Morphei
962 4171 1132 4238 operiderct.
