2930 4778
435 327 795 382 narsnoarnosrnn
819 329 892 382 ms.
916 333 951 383 v.
1155 315 1243 386 1145

139 469 269 556 Stagna
283 471 488 554 Palicorum,
502 479 600 560 rupta
613 475 777 542 ferventia
790 482 893 542 terra:

140 571 186 636 Et
200 594 270 658 qua
284 574 499 655 Bacchiadae,
508 577 630 642 bimari
643 597 722 658 gens
735 584 809 644 orta
823 576 991 655 Corintho,

139 673 233 741 Inter
247 677 432 762 inaequales
444 685 628 762 posuerunt
639 679 766 744 moenia
777 685 905 764 portus.

137 774 201 842 Est
213 779 360 845 medium
375 778 518 862 Cyanes,
532 785 567 842 et
581 779 706 846 Pisaeoe
721 777 915 855 Arethusae,

139 875 241 954 Quod
255 881 323 944 coit
337 880 489 962 angustis
502 879 668 944 inclusum
680 881 834 946 comibus
848 899 975 962 aequor.
1172 877 1240 944 410

70 1004 73 1010 ·
137 977 207 1043 Hic
220 980 296 1059 fuit,
310 1002 332 1046 n
345 981 440 1065 cujus
454 987 607 1062 stagnum
621 1001 754 1066 quoque
768 983 898 1046 nomine
912 980 1037 1046 dictum
1051 985 1115 1056 est,

138 1078 227 1144 Inter
240 1083 408 1147 Sicelidas
422 1083 534 1168 Cyane
548 1083 760 1148 celeberrima
774 1081 968 1167 Nymphon

135 1276 159 1321 et
168 1288 214 1335 qna
224 1272 378 1333 Bacchiadae,
388 1273 453 1324 satio
468 1279 522 1324 arta
534 1273 649 1344 §matha
667 1274 761 1338 timori,
777 1281 912 1326 statuerant
922 1291 1002 1326 maror
1011 1275 1075 1325 ister
1084 1276 1236 1340 portariae·

135 1339 220 1400 quotes
253 1338 301 1386 Est
309 1338 481 1387 mremeetem
490 1340 747 1402 CyasesetArethrsoe
757 1339 1236 1403 paeeqmsnnjitrgenreompreter·

134 1415 185 1449 ssrr
194 1401 302 1450 mihin
311 1402 427 1464 argutis
461 1404 542 1466 cynas
552 1403 674 1452 sotheiam
684 1405 748 1452 ister
758 1405 882 1468 Nymphas
892 1405 1017 1468 Sicelidas,
1035 1419 1051 1452 a
1065 1404 1237 1464 Μίκων

598 1547 774 1569 mm

132 1640 192 1689 loona
201 1657 290 1692 saeros
306 1643 398 1695 Heius.
409 1646 465 1694 vnit
478 1645 560 1710 olenti,
577 1647 618 1696 vei
629 1647 717 1695 olentes
726 1643 782 1706 sais.
799 1645 831 1696 Ia
843 1661 894 1697 nno
911 1645 972 1696 Bas.
983 1645 1070 1694 aientes
1081 1641 1236 1701 tumentes.

132 1707 214 1754 -409
229 1709 335 1770 Septem
352 1709 410 1758 iibri
428 1711 591 1767 Etmedirtrsr
609 1711 677 1760 unde
690 1711 782 1760 Heius.
800 1711 825 1761 it
839 1713 982 1761 arem-41⁰
998 1711 1070 1759 Unus
1092 1709 1163 1757 Med.
1183 1707 1236 1762 Qsa

131 1769 196 1827 rsit,·
214 1769 265 1820 dno
276 1771 356 1821 etiarn
376 1773 627 1830 Quintium-411
644 1776 697 1824 Sex
715 1776 798 1825 eodo.
820 1777 880 1824 Hoee
889 1775 960 1834 fait,-
977 1773 1153 1839 quinquaHa‘e
1164 1771 1236 1836 fluit.

131 1831 193 1883 Jun.
209 1849 312 1900 qnoque
328 1836 492 1885 smirnos-it:
510 1836 578 1884 unde
591 1838 680 1884 Burin.
692 1837 743 1884 Hic
752 1837 822 1900 finit,
835 1855 850 1885 a
865 1838 930 1896 cerias
940 1845 1024 1898 stagno
1035 1851 1122 1899 qnoque
1140 1837 1238 1884 nominat

132 1898 216 1947 traxit.
243 1899 317 1947 Modo
334 1913 382 1962 pro
394 1916 481 1964 qaoque
496 1900 601 1950 volebat
620 1900 792 1950 lisias-412
810 1900 921 1950 &olidas
939 1901 1023 1964 major
1042 1915 1103 1964 pars
1122 1899 1235 1965 scriptor

628 2070 740 2121 NOTAE

163 2197 213 2244 406
244 2195 392 2258 Palicorum]
430 2198 551 2266 'Fuerant
578 2197 665 2247 Palici
703 2197 768 2246 mari
787 2197 892 2248 alluitur
907 2195 934 2245 in
954 2195 1053 2245 isthmo
1072 2194 1236 2256 Peloponne-

131 2267 224 2320 iratres
237 2271 287 2321 thro
297 2272 373 2322 ,iovis
391 2278 418 2322 et
428 2273 518 2322 'i'aieae
536 2273 663 2337 Nymphae
704 2275 774 2323 siaco
784 2275 834 2324 rita
843 2275 992 2325 Corinthus.

131 2344 185 2408 tilii,
205 2351 235 2396 at
259 2347 411 2411 quibasdam
438 2349 536 2411 placet,
559 2348 665 2397 ἀπὸτοῦ
735 2355 783 2400 408
807 2349 948 2414 inequales]
989 2350 1063 2398 Duos
1089 2343 1237 2395 hahuerunt

130 2419 201 2470 πόλιν
211 2421 311 2483 hemon,
322 2423 369 2472 hoc
381 2429 430 2483 est,
442 2424 475 2473 ab
486 2425 580 2473 iterum
591 2425 662 2472 reni·
703 2433 793 2488 portus
812 2426 958 2490 Syracusae,
973 2423 1097 2486 majorem
1116 2421 1236 2486 aiteram,

131 2492 196 2546 endo
218 2498 245 2546 in
267 2499 358 2560 vitam,
379 2499 417 2548 sio
441 2498 514 2561 dieti,
535 2497 662 2562 siqnidem
703 2500 811 2549 aiterum
823 2501 957 2550 minorem.
1235 2519 1238 2526 ’

130 2579 215 2622 tamen
246 2573 333 2638 atique
360 2572 488 2624 Graeculis
517 2574 662 2624 hominibus
734 2579 784 2625 tos
801 2577 846 2625 Est
857 2575 970 2638 mediam]
988 2573 1085 2623 Locum
1097 2567 1236 2634 describit,

130 2645 201 2698 fides.
219 2651 333 2713 Nempe,
343 2649 662 2715 utilliiaquiunt,optsvit
702 2651 745 2698 obi
769 2650 856 2714 Cyane
885 2650 1007 2713 Nympha
1028 2646 1178 2708 Plutonem,
1196 2655 1233 2696 'ne

129 2732 212 2774 mater
227 2725 344 2788 gravida,
357 2741 408 2790 quo
418 2727 528 2778 ,iunonis
543 2726 606 2774 iram
623 2725 661 2774 ef·
702 2723 885 2789 Proserpinam
900 2724 1001 2788 tongins
1018 2723 1160 2786 abriperet,
1174 2736 1234 2788 pro·

127 2797 238 2864 fugeret,
253 2801 304 2851 sibi
323 2808 417 2850 terram
439 2801 583 2862 dehiscere,
602 2817 660 2865 qaoe
701 2799 790 2850 hibere
803 2803 892 2853 votuit.

129 2876 222 2924 maturi
234 2881 324 2939 partus
337 2882 453 2940 tempore
465 2882 556 2937 aperta
566 2883 617 2937 est,
628 2890 660 2924 ex
735 2877 839 2940 Cyanes]
851 2878 957 2926 -Nomen
972 2881 1014 2924 est
1033 2874 1173 2937 Nymphae,
1188 2887 1234 2923 aa·

131 2963 179 3012 qna
199 2951 283 3000 Palici
303 2951 342 2999 illi
360 2959 518 3013 eruperant:
549 2952 592 3014 qni
614 2952 660 3000 Dii
697 2951 742 3014 jor
753 2953 838 3001 obiter
849 2952 906 3013 ipse
918 2950 996 3012 poeta
1010 2947 1126 3001 fabulam
1139 2950 1232 3012 tangit.

129 3020 233 3073 inerant
245 3025 374 3088 indigene
386 3033 462 3074 extra
476 3025 588 3074 Siciliam
604 3025 660 3073 nni·
700 3027 802 3075 Revera
818 3025 897 3073 fontis
908 3029 947 3072 est
960 3036 1053 3071 nomen
1068 3023 1095 3070 in
1106 3036 1169 3084 agro
1185 3024 1232 3089 Sy-

128 3097 171 3147 libi
183 3101 247 3148 noti.
282 3101 406 3149 Fabulam
423 3105 526 3150 secutos
537 3109 577 3149 ast
587 3099 660 3149 faba·
699 3115 832 3164 racusano,
841 3100 886 3164 qni
897 3113 975 3165 aquas
994 3099 1053 3148 snas
1069 3095 1155 3160 Anapi
1171 3097 1232 3168 mis.

128 3171 207 3224 isrirnr'
224 3171 471 3226 maximnssmator.
515 3179 660 3226 Dirosvero
701 3184 753 3226 cet.
1234 3175 1239 3182 “

127 3252 294 3301 ostentabant
312 3253 506 3315 lacusaccoise,
522 3253 659 3318 exquibus
680 3257 685 3282 ¹
732 3251 869 3315 Aretissa]
885 3251 1006 3316 Nympha
1022 3247 1073 3299 snit
1090 3247 1230 3312 Arethusa,

127 3329 261 3377 emersisse
279 3327 374 3377 fratres
389 3329 571 3392 mentirentur,
587 3335 659 3379 tanta
698 3329 792 3378 Dianae
818 3343 914 3390 comes,
934 3341 1011 3392 qnam
1031 3340 1089 3376 cum
1105 3324 1230 3390 Alpheus,

126 3403 229 3467 quidem
257 3404 423 3453 veneratione
446 3403 557 3464 habitos,
574 3412 603 3454 ut
625 3405 659 3455 ad
699 3403 874 3468 Peloponnesi
882 3403 973 3453 fluvius
980 3402 1059 3466 juxta
1067 3401 1151 3462 Pisas,
1162 3399 1231 3450 anross

126 3475 183 3528 iil'os
196 3475 367 3542 jurejurando
384 3481 572 3529 conhoversiss
598 3481 658 3531 diri·
699 3494 728 3528 re
743 3479 863 3530 incensus
886 3485 1096 3543 persequeretur,
1105 3477 1192 3527 Diana
1202 3477 1230 3528 ia
1295 3517 1302 3546 ,

127 3562 239 3617 merent,
260 3557 371 3619 perjuris
389 3555 415 3604 in
433 3555 464 3604 iis
481 3556 659 3618 pereuntibus,
695 3554 796 3605 fontem
824 3556 938 3620 ejusdem
972 3555 1081 3604 nominis
1110 3547 1233 3606 materiis*

128 3644 183 3688 enni
194 3632 271 3680 illesi
279 3632 339 3680 inde
349 3631 444 3680 innoxii
453 3638 657 3682 reverterentur.
698 3631 784 3692 Hujus
795 3632 868 3696 aquis
879 3646 938 3681 cnm
957 3643 1016 3681 suas
1034 3629 1151 3694 Alpheus
1171 3630 1231 3680 mis·

128 3703 188 3755 hiis
208 3708 266 3769 lege
296 3707 364 3769 apud
386 3707 549 3758 Macrobinm
572 3707 659 3757 Sator·
697 3721 757 3756 cere
778 3708 867 3768 veliet,
882 3707 927 3756 iiia
940 3721 956 3754 a
974 3713 1046 3755 terra
1066 3703 1228 3768 absorptaitt

128 3783 178 3831 nsi.
189 3788 215 3831 5.
431 3837 435 3844 ,
696 3781 810 3831 Siciliam
822 3783 909 3832 delata
927 3791 977 3844 est,
993 3797 1043 3846 qao
1055 3789 1082 3831 et
1097 3795 1145 3845 per
1156 3781 1228 3831 cuni·

158 3861 206 3908 ihi
223 3856 379 3920 Barchinon]
396 3856 505 3906 Archias
524 3864 574 3918 est,
592 3859 657 3908 Bae·
697 3858 767 3906 caios
787 3858 967 3908 subterraneos
982 3859 1090 3908 eandem
1109 3863 1229 3910 senatum

127 3932 246 3982 thiatiram
258 3923 658 3997 nnns‚Bacehia,Dionysiifiiis,
697 3931 775 3984 fuisse
795 3933 923 3998 Alphenor
940 3934 1064 3996 Pisaeum,
1080 3942 1107 3983 et
1126 3947 1228 3985 assera·

127 4001 315 4073 oriundas,qai
332 4006 457 4058 Corintho
474 4009 563 4072 puisun
580 4011 656 4074 Syra·
696 4006 864 4072 tom,fabnlae
882 4011 1028 4058 voioernnt.
1071 4008 1139 4060 Hinc
1162 4007 1236 4076 Are-,¹

126 4095 201 4134 casas
211 4084 239 4133 in
250 4083 472 4134 Siciliaconditiit.
695 4085 771 4136 thusa
780 4086 875 4136 Pisaea.
908 4083 996 4148 Atque
1011 4083 1071 4132 huic
1083 4082 1177 4136 fabola
1189 4087 1227 4136 lo·

136 4147 142 4160 ¹
158 4157 266 4237 Biston]
280 4157 431 4236 QaiaJonio
440 4158 515 4237 simul
528 4165 555 4210 et
565 4159 655 4236 AEgao
694 4175 753 4212 otim
765 4159 938 4234 dedit,quod,
954 4166 982 4210 ut
995 4160 1103 4228 scripsit
1114 4161 1226 4238 Plinius,
