2840 4766
209 302 296 370 reto
552 317 607 370 r.
630 317 751 366 ovrnrr
774 315 936 368 ussours

180 483 185 490 ·
211 460 336 546 Ooepit,
350 460 519 526 inornatos
532 459 702 528 redimitus
717 459 875 525 mondino
889 461 1014 526 crines:

208 564 319 630 Triste
332 562 419 646 petis
432 581 575 628 munus:
599 564 674 646 quis
687 565 773 628 enim
787 582 849 628 sue
862 561 981 646 praelie
993 561 1102 628 victus

211 665 472 731 Commemorarc
486 664 589 729 veliti
612 663 751 728 reseram
763 669 874 728 temen
887 662 1012 730 ordine.
1061 661 1136 728 Nec
1151 669 1218 730 tem
1287 663 1313 725 5

209 768 323 850 Turpe
337 766 398 830 luit
412 765 514 843 vinci,
529 785 629 850 quum
644 764 852 831 contendisse
863 765 1019 830 decorum
1032 769 1099 830 est:

212 868 405 952 Magnaque
417 867 476 931 det
489 868 585 932 nobis
601 867 847 932 tantus-soletis
861 867 979 944 victor.
996 875 1001 880 “

210 969 355 1035 Nomine
371 969 400 1032 si
415 988 480 1052 que
495 988 557 1033 suo
572 969 707 1035 tandem
722 968 871 1052 pervenit
887 967 930 1034 ed
944 986 1041 1033 aures

211 1071 372 1138 Deianira
386 1074 483 1150 tuas3
505 1071 672 1153 quondum
687 1069 907 1153 pulcherrime
920 1071 1026 1152 virgo,

211 1170 465 1254 Multorumque
478 1171 541 1235 furit
555 1189 632 1254 spes
647 1171 813 1236 invidiosa
827 1189 1014 1254 procorum.

213 1271 299 1337 Cum
312 1275 433 1355 quibus
447 1277 485 1337 ut
499 1275 605 1341 soceri
619 1271 738 1336 domus
752 1277 805 1336 est
818 1274 942 1351 intrata
956 1270 1073 1355 petiti3

210 1373 343 1458 Accipe
356 1394 409 1438 mc
423 1393 591 1455 generum,
604 1373 687 1450 dixi,
702 1373 895 1437 Porthaone
906 1376 995 1436 nete.
1086 1450 1091 1457 ,

213 1475 313 1540 Dixit
327 1480 361 1539 et
376 1473 524 1540 Alcides.
569 1473 640 1538 Alii
654 1493 786 1539 cessere
799 1475 945 1539 dnobus.

212 1575 276 1642 1110
289 1576 312 1641 J
315 1596 410 1642 ovem
425 1596 577 1641 socerum
591 1576 671 1640 dure
687 1595 735 1652 se,
750 1576 939 1659 sarnumque
951 1574 1115 1652 laborum,

213 1676 258 1742 Et
273 1683 513 1760 superetosuae
527 1677 974 1759 reserebatjussanovercce.
1273 1672 1316 1736 15

215 1776 339 1843 Contra
352 1795 432 1859 ego:
453 1774 566 1860 (turpe
581 1775 691 1840 Deum
704 1775 834 1839 mortali
847 1774 964 1840 cedere
978 1775 1061 1840 duxi
1074 1795 1082 1840 ε

207 1957 300 2022 Μαι
311 1957 454 2022 Calydonius
468 1958 503 2006 sic
519 1972 584 2008 orme
594 1962 638 2020 est,
647 1957 737 2007 rimor
747 1957 832 2006 todem
841 1956 916 2004 crines
926 1955 1116 2015 iscmntosjusro
1126 1971 1134 2004 :
1150 1954 1235 2003 Poscis
1245 1953 1315 2014 luge·

214 2022 379 2087 dremcium:
396 2023 447 2085 quis
457 2023 519 2070 euim
537 2022 846 2084 empericorum
864 2035 907 2068 sua
924 2016 1074 2069 certamino?
1109 2020 1195 2068 umen
1212 2017 1316 2067 nemeto

214 2087 311 2135 ordisse:
327 2101 399 2148 seque
409 2091 459 2134 tum
468 2086 574 2133 dedecori
578 2085 632 2145 fnit
642 2085 757 2148 superori,
777 2099 846 2148 quam
861 2084 947 2145 glorio
965 2087 1081 2140 ceuceu,-
1097 2090 1121 2132 et
1140 2087 1221 2132 tontes
1238 2081 1318 2130 cs‘ctor

214 2150 281 2198 solis
287 2148 378 2212 prabet
393 2163 503 2210 maguum
519 2149 705 2198 resolutionem.
738 2149 767 2198 si
787 2150 892 2210 quedem
911 2147 1026 2206 Deianira
1045 2149 1138 2196 tandem
1156 2147 1263 2211 persenit
1283 2148 1315 2195 od

214 2227 284 2262 sures
293 2217 347 2262 tuus
357 2227 398 2262 suo
408 2213 508 2273 nomine,
519 2205 572 2272 fuit
583 2213 639 2260 otim
654 2213 733 2275 puella
745 2211 928 2273 formosissimo,
945 2218 969 2260 et
990 2226 1042 2274 spes
1055 2211 1172 2260 invidioso
1189 2212 1316 2259 multorum

215 2281 354 2326 amatorum.
391 2278 452 2326 Cum
462 2275 546 2339 quitus
556 2279 582 2323 ut
593 2275 654 2324 sulii
664 2277 758 2325 domm
768 2275 842 2323 soceri
853 2275 963 2338 repetiti,
970 2275 1065 2324 Habeto
1075 2289 1111 2324 me
1120 2289 1242 2336 gerentes,
1253 2274 1316 2336 rixi,

209 2341 252 2406 fill
270 2340 418 2390 Porthaonis.
450 2339 545 2390 Alcides
564 2339 628 2388 dixit
647 2340 727 2390 etium.
754 2341 834 2388 Ceteri
855 2345 972 2389 cessentnt
992 2338 1087 2389 duobus.
1120 2339 1165 2387 lue
1180 2339 1273 2387 dicebat
1291 2351 1315 2386 se

217 2405 396 2469 offensurum
405 2418 517 2472 sccemm,
533 2404 824 2465 armeniacorum
835 2405 946 2452 memte
962 2417 1011 2452 surr
1024 2417 1128 2450 merca
1144 2403 1228 2452 evicto.
1261 2401 1316 2462 Ego

216 2474 298 2518 contro
313 2469 462 2531 (indecorum
480 2468 570 2516 credidi
580 2467 662 2518 Deum
672 2470 751 2516 cedere
769 2466 880 2515 mortali:
896 2464 936 2513 ille
946 2465 1046 2514 noudum
1057 2470 1108 2514 erut
1119 2465 1220 2528 Deus):
1245 2465 1318 2516 Vides

677 2587 855 2610 munuum

249 2677 265 2722 8
281 2673 352 2748 [lert.
363 2672 437 2722 Med.
451 2673 515 2748 Cfep.
523 2673 703 2748 tenerare—6
718 2669 752 2720 't'l
761 2678 796 2721 est
808 2674 985 2750 postndecorum
995 2673 1120 2724 omittunt
1130 2675 1187 2724 Pel.
1199 2674 1316 2725 Berolin.

218 2736 1317 2863 ittltutilttltdictetur-¹⁴,diffiditsttttttsttlttt:

219 2866 268 2944 pit.
301 2865 454 2930 Quanquam
464 2879 497 2914 ne
509 2865 545 2914 sic
556 2864 660 2940 quidem
672 2879 718 2914 ver
736 2865 826 2914 sestis
843 2864 909 2915 bene
920 2866 1013 2929 Juncte
1024 2871 1189 2929 procurrunt.
1223 2867 1317 2930 ltaque

218 2931 288 2982 edem
299 2931 379 2984 susslt
389 2936 434 2980 eut
444 2931 538 2994 decess,
550 2933 596 2978 ent
607 2943 660 2980 stc:
689 2930 778 2978 Contra
796 2944 849 2993 ego,
866 2935 934 2993 torpe
945 2935 1011 2979 retus
1021 2930 1115 2979 momoh'
1125 2932 1214 2994 cedere,
1222 2932 1318 3004 dici.-

719 3075 825 3126 NOTAE

252 3181 412 3246 alcaudius]
427 3180 564 3231 Coccum
572 3181 749 3244 arundinibus,
789 3186 877 3236 temen
899 3181 1027 3231 Homerus
1051 3179 1195 3229 Portheum
1218 3185 1320 3243 petrem

221 3256 374 3324 quibursere
386 3255 520 3307 fluviorum
532 3259 595 3322 ripoe
607 3258 749 3308 abundant.
790 3257 913 3320 assignet.

253 3333 338 3383 tntae
354 3333 440 3396 prelio
456 3333 645 3396 commensurare]
672 3331 751 3384 Quod
822 3337 853 3382 1³
866 3332 957 3395 Dixit]
972 3330 1180 3396 Utse,scilicet,
1195 3345 1320 3395 generum

222 3415 308 3458 temen
319 3407 435 3458 Acheloo
450 3408 608 3472 faciendum,
623 3415 653 3458 ut
670 3423 701 3458 ex
712 3423 751 3457 se·
792 3407 932 3470 acciperet.

222 3483 358 3550 quentibus
369 3483 481 3546 patebit.
825 3483 930 3545 cessere]
942 3483 980 3531 Ut
986 3481 1042 3545 jam
1053 3481 1202 3531 Deianiram
1212 3497 1321 3532 uxorem

254 3558 390 3621 ll'urrtcs]
417 3561 534 3610 Quantus
547 3559 599 3609 fuit
615 3559 751 3623 Hercules,
791 3573 841 3610 uon
853 3565 981 3622 peterent.
1229 3570 1232 3578 ’

223 3649 300 3700 equo
312 3637 447 3697 superatus
460 3632 598 3685 Achelous.
824 3638 855 3684 14
864 3633 987 3695 Socerum]
994 3631 1124 3698 Siquidem
1131 3633 1198 3682 enim
1204 3633 1321 3697 Jupiter,

255 3708 753 3777 8Quo]Redunderevidetorvoxists,
793 3710 914 3759 Herculis
949 3710 1059 3773 genitor,
1082 3709 1217 3760 Deianira
1248 3725 1322 3760 socer

224 3802 282 3854 quae
294 3794 379 3837 teruen
389 3785 499 3850 aliquam
509 3786 588 3837 habet
603 3788 752 3852 emphasim,
793 3784 894 3834 fnisset.

256 3859 371 3924 Tandem]
379 3862 442 3926 Pro,
451 3862 752 3928 Aliquand03sedmagis
825 3861 953 3924 Lolorum]
980 3861 1138 3910 Decantstos
1159 3861 1217 3912 illos
1241 3863 1269 3914 in
1286 3877 1323 3913 se·

225 3938 306 3987 servit
318 3935 433 3987 effectui.
793 3938 931 4002 quentibus
942 3938 1094 3988 videbimus.

257 4016 273 4059 9
300 4012 428 4075 Deianira]
460 4011 535 4063 OEnei
556 4013 659 4064 AEtoliae
686 4013 754 4078 regis
827 4018 857 4062 15
875 4013 999 4076 Nouercoe]
1015 4013 1321 4080 Junonis,scilicet,quae

226 4085 289 4146 tilis,
301 4087 394 4136 deinde
404 4088 524 4138 Herculis
536 4103 609 4141 uxor.
793 4090 866 4141 Jovts
878 4090 984 4153 conjux,
1002 4089 1075 4153 cujus
1082 4089 1165 4153 jussu,
1180 4105 1227 4153 per
1240 4091 1322 4156 Eury·

262 4162 291 4208 12
309 4161 443 4213 Porthaone
454 4164 520 4227 sote]
545 4166 643 4216 OEneus
653 4170 703 4232 est,
713 4166 754 4215 cui
794 4166 904 4231 etheum,
915 4173 955 4217 tot
966 4167 1068 4218 labores
1079 4163 1176 4218 subivit
1183 4167 1335 4224 Hercules..
