2866 4772
198 333 287 402 lete
573 347 605 400 r.
628 347 750 399 ovrmr
772 343 936 400 ussurus
1016 361 1022 370 ·

197 493 340 562 Additur
352 491 407 558 bis
422 491 587 576 Dorylas:
610 492 832 577 quitempcra
846 496 934 560 tecta
947 491 1080 574 gerebat
1234 489 1301 556 380

197 597 294 662 Pelle
307 593 392 682 lupi,
411 595 684 676 saeviqueuieem
698 595 899 678 preestantia
912 594 971 658 teli
1018 631 1022 642 ·
1052 627 1053 632 κ
1374 591 1379 604 ’

196 697 330 763 Cornua
344 715 426 761 vara
439 697 541 760 boum
555 697 659 762 multo
671 696 845 761 rubefacta
861 701 989 760 cmo're.

195 797 290 863 Huic
304 817 378 880 ego,
393 816 471 862 uam
485 799 573 864 vires
588 799 716 864 animus
732 798 845 876 dabat,
859 795 998 886 Aspice,
1014 793 1097 874 dixi,

195 897 366 978 Quantum
380 899 564 970 concedant
576 905 688 974 nostro
703 905 761 964 tua
776 917 898 963 cornua
910 897 1015 962 ferre:

194 1000 239 1066 Et
247 1000 400 1086 jaculum
414 1000 509 1064 torsi.
555 999 657 1079 Quod
673 1021 750 1065 cum
762 999 869 1066 vitare
881 1001 1044 1083 nequiret,
1231 997 1297 1062 385

195 1101 368 1186 Opposuit
378 1103 529 1166 dextram
544 1121 698 1186 passurae
711 1101 969 1168 rumerasronti.
1048 1159 1057 1176 ,,
1112 1163 1115 1174 ,
1153 1123 1157 1131 ·

192 1201 307 1268 Affixa
321 1211 374 1267 est
389 1223 464 1268 cum
476 1204 583 1268 fronte
597 1223 726 1269 manus.
772 1202 828 1266 Fit
843 1201 989 1279 clamor:
1011 1205 1046 1266 at
1060 1200 1154 1266 illum

194 1304 387 1370 Haerentem
402 1305 534 1382 Peleus,
550 1310 585 1370 et
599 1307 720 1370 acerbo
736 1305 870 1370 vulnere
883 1305 1020 1381 victum,

191 1405 326 1491 (Stabat
340 1408 426 1470 euim
440 1404 605 1491 propium)
616 1406 762 1472 mediam
775 1405 852 1472 ferit
865 1423 945 1470 ense
961 1406 1024 1472 sub
1039 1404 1165 1472 arvum·

191 1507 364 1586 Brosiiuit,
377 1513 527 1590 terraque
541 1509 633 1570 ferox
650 1511 855 1570 suauiscera
868 1508 990 1570 traxit:
1097 1569 1100 1576 ,
1136 1569 1139 1576 ⁴
1230 1503 1297 1572 390

190 1609 379 1693 Tractaque
392 1608 555 1673 calcavit:
578 1608 772 1691 calcataque
789 1608 899 1689 rupit:
922 1605 1037 1670 stillis

154 1701 158 1711 '
191 1708 296 1789 crura
308 1727 442 1792 quoque
456 1706 632 1789 impediit3
654 1711 687 1770 et
699 1708 793 1770 inani
806 1707 953 1771 concidit
968 1708 1057 1772 alvo.

189 1809 266 1876 Nec
282 1815 314 1873 te
329 1814 530 1910 pugnantem
544 1811 610 1885 tua,
627 1805 773 1890 Cyllare,
788 1808 894 1872 forma
908 1806 1057 1885 redemit,

189 1910 227 1976 Si
241 1908 343 1973 modo
356 1913 485 1972 naturae
500 1908 639 1982 formam
653 1908 871 1972 concedimus
885 1908 945 1973 iili.

113 2057 115 2064 -
189 2011 304 2076 Barba
316 2007 388 2074 era't
401 2010 590 2092 incipiens:
612 2010 728 2074 barbae
743 2011 838 2075 color
852 2029 990 2074 aureus:
1013 2027 1182 2094 aureaque
1226 2013 1292 2081 395

189 2111 244 2177 Ex
255 2112 397 2178 humeris
412 2111 537 2174 medios
552 2130 650 2174 coma
665 2111 894 2176 descendebat
907 2111 942 2174 in
958 2129 1080 2176 armos.

189 2213 313 2282 Gratus
325 2215 361 2279 in
375 2233 432 2277 ore
446 2211 561 2293 vigor:
582 2213 707 2291 cervix,
722 2213 921 2296 humerique,
936 2233 1131 2298 manusque,

187 2315 397 2397 Pectoraque
412 2313 576 2378 artificum
591 2313 738 2379 laudatis
753 2314 908 2397 proxima
923 2314 1047 2397 signis3

186 2511 238 2562 His
252 2511 364 2573 adjicitur
380 2514 493 2576 Dorylas,
510 2514 551 2577 qui
565 2514 664 2563 tebebm
680 2519 785 2577 tempera
801 2515 877 2562 seluta
892 2513 951 2574 petie
966 2512 1025 2575 lupi,
1039 2517 1109 2575 utque
1124 2527 1212 2562 ceraue
1229 2530 1289 2566 caru

184 2582 306 2627 taurorum
326 2591 394 2625 mm
413 2577 544 2639 praebentia
566 2579 620 2626 duri
639 2578 681 2627 teli
699 2577 992 2638 multomnguirretiuctu.
1020 2577 1138 2637 Egetuic
1149 2578 1212 2640 dixi,
1228 2579 1291 2631 Vide

185 2643 297 2707 questum
317 2645 358 2687 tua
378 2655 465 2688 cernue
483 2642 531 2689 siat
549 2642 662 2701 iuferiora
680 2642 852 2701 uestrcferr05
867 2646 936 2704 atque
953 2640 1043 2688 immisi
1057 2642 1128 2690 telum
1138 2658 1149 2700 ,·
1164 2645 1292 2704 quodcum

184 2717 231 2753 soa
250 2708 329 2766 posset
344 2701 457 2766 effugere,
477 2703 559 2764 objecit
575 2708 685 2754 &strum
695 2705 1031 2768 frontieccepturoeplugum.
1063 2705 1290 2765 Muassjunctaest

176 2767 274 2826 [ronta
299 2767 445 2825 Exctcmct5
460 2773 487 2816 ut
500 2769 583 2818 Peleus
592 2770 665 2832 (uum
675 2774 727 2818 erat
736 2767 875 2831 mammas)
889 2770 993 2831 percidit
1001 2768 1082 2828 gladic
1093 2769 1136 2818 sub
1148 2771 1224 2818 medic
1234 2787 1288 2822 ees·

183 2838 222 2881 tre
242 2832 309 2880 illum
330 2835 439 2895 stentem,
456 2836 480 2881 et
497 2833 611 2882 domitum
629 2847 691 2882 screa
707 2835 789 2895 plage.
823 2832 938 2894 Emicuit,
955 2838 1027 2894 utque
1036 2833 1107 2892 ferus
1126 2835 1287 2896 reptavitsua

183 2898 324 2954 immanere:
340 2902 363 2946 et
371 2897 486 2958 protrivit
494 2901 597 2959 ramata,
609 2903 632 2947 et
642 2897 766 2960 discerpsit
780 2897 903 2959 protrita:
920 2903 989 2960 etque
1000 2896 1125 2958 impedivit
1135 2899 1208 2947 etium
1217 2903 1288 2961 pedes

182 2962 248 3018 eura·
263 2966 317 3010 tum
335 2961 458 3024 procubuit
478 2977 547 3010 vacue
562 2967 651 3011 ueutre.
684 2963 766 3024 Neque
786 2963 890 3074 Optime,
907 2966 948 3010 tua
957 2961 1107 3023 pulchritudo
1118 2964 1253 3013 vendicavit
1262 2969 1287 3021 te

182 3026 349 3086 terimam
359 3027 426 3074 medo
443 3025 568 3074 tributurus
578 3026 777 3089 pulchritudinem
787 3027 823 3074 ue
835 3030 933 3074 amurca
967 3026 1073 3074 Barbam
1082 3027 1181 3076 meatu
1192 3028 1289 3090 lerurgi-¹

181 3103 250 3146 seme
265 3089 385 3149 lanuginis
403 3091 465 3137 ceter
476 3090 576 3153 ficum
589 3090 653 3153 fleri
670 3091 766 3152 iusuper
781 3091 860 3152 capitii
872 3089 982 3154 fluctuat
999 3105 1030 3138 ee
1045 3091 1148 3140 humeris
1165 3092 1193 3139 iu
1206 3107 1286 3142 ermes

181 3153 278 3203 medius.
310 3155 422 3203 Jucurrdc
433 3155 547 3204 uteerdus
556 3155 582 3203 ia
592 3155 671 3210 euttur
681 3155 773 3216 eodum,
785 3155 885 3215 humeri,
895 3168 984 3213 meam,
997 3159 1102 3217 pectere,
1111 3161 1135 3203 et
1144 3161 1227 3219 partes
1235 3158 1287 3220 qui·

111 3267 112 3272 ,
182 3219 223 3268 tus
233 3223 269 3268 est
279 3219 355 3281 teme,
372 3219 435 3268 baud
445 3218 562 3268 absimites
571 3219 648 3280 signis
656 3219 762 3281 metetis
779 3219 911 3283 aniptcum:
927 3233 1000 3281 seque
1010 3219 1063 3283 equi
1071 3219 1159 3282 species
1167 3222 1284 3284 wtpcrrdu

643 3344 822 3365 nunctum

181 3427 230 3474 379
251 3423 308 3482 Alii
329 3427 558 3489 Gloriaque—382
581 3426 650 3478 Olim
670 3427 806 3478 edebatur
831 3441 916 3475 cernue
933 3427 1007 3474 dura:
1025 3427 1107 3477 multi
1126 3443 1218 3486 curem
1242 3429 1281 3481 Fi.

181 3495 209 3538 et
228 3501 293 3537 unus
314 3490 376 3552 Arg.
394 3505 468 3548 rum
489 3492 635 3540 Generenr.
657 3507 731 3550 ceum·
755 3491 848 3540 Heius.
869 3491 933 3554 legit
951 3495 1098 3541 eura—886
1124 3493 1183 3541 Duo
1206 3493 1281 3544 Med.

178 3549 295 3619 Apposuit
315 3556 476 3605 desta-887
495 3554 587 3604 Heius.
608 3556 704 3604 rectius
727 3563 802 3618 putat
823 3558 895 3620 effice
920 3569 973 3604 cum
987 3553 1072 3613 fronte
1087 3571 1157 3606 mauu
1176 3558 1213 3622 fit
1234 3560 1282 3606 cta·

178 3622 318 3668 moa—³88
338 3618 413 3667 Cant.
429 3625 453 3668 et
470 3623 627 3670 torua-³89
639 3621 699 3667 Bes.
716 3620 758 3668 sud
778 3622 856 3674 dum:
870 3621 945 3669 Voss.
959 3634 1003 3681 per
1019 3621 1187 3670 aena-see
1204 3623 1282 3684 Vulg.

179 3681 380 3733 Praecidit—891
399 3683 431 3731 P.
444 3684 630 3733 etesiis-895
647 3685 771 3746 Aureaque
782 3684 874 3734 Heius.
892 3681 992 3745 prefert
1011 3699 1043 3732 ex
1062 3699 1100 3745 pr.
1122 3685 1178 3733 Pal.
1198 3687 1231 3734 V.
1252 3693 1281 3736 et

178 3747 241 3796 Bes.
253 3752 314 3796 tert.
328 3747 400 3797 Med.
420 3749 517 3798 Tbuau.
536 3762 576 3811 pr.
601 3749 742 3812 tiamburg.
758 3756 785 3797 et
804 3749 861 3797 aliis
881 3748 1011 3810 piurimir;
1029 3749 1096 3811 vulg.
1116 3753 1281 3799 eurem-396

178 3811 340 3862 Descendebat
352 3828 398 3877 pro
409 3815 479 3876 vulg.
495 3814 638 3874 dependebat
649 3829 664 3861 e
676 3813 788 3862 Stremae
810 3823 836 3860 et
855 3813 921 3860 Mer.
940 3812 1023 3861 Codd'.
1040 3813 1142 3874 recepit
1158 3814 1281 3862 Burin.—

178 3879 225 3932 uer
242 3877 294 3928 Sex
311 3877 337 3926 ia
356 3892 395 3927 ere
409 3878 490 3935 uitem
519 3877 588 3927 Med.
606 3880 689 3934 decen·
717 3879 782 3926 alius
803 3877 892 3936 rudem·
909 3891 973 3926 uuus
989 3877 1142 3926 cetere-899
1159 3877 1217 3928 Pei·
1240 3879 1279 3930 Ee

642 3983 644 3992 ’
675 4017 780 4067 Nora

181 4101 184 4108 ,
210 4131 257 4176 ses
275 4129 384 4192 culture]
399 4129 462 4179 Fuit
480 4136 508 4180 et
526 4130 595 4179 istud
612 4143 707 4179 nomeu
748 4128 833 4181 Poeta
843 4129 939 4194 sumit,
948 4135 977 4179 ut
988 4142 1049 4178 mcx
1059 4127 1213 4184 videbimus..

179 4201 236 4270 equi
245 4216 261 4251 a
269 4202 378 4256 Castore
386 4205 491 4258 domiti:
502 4205 535 4256 ad
543 4220 620 4272 quem
627 4206 705 4262 etiem
