2930 4778
242 317 330 386 rme
607 328 644 382 u.
668 327 793 398 orrnrr
813 331 979 382 ,nascituri

244 479 422 562 Sanguine,
441 495 509 561 quo
522 475 619 540 tellas
634 473 707 538 late
716 471 904 540 madefacta
917 472 1070 556 tepebat,
1108 523 1114 536 .

244 579 468 645 Conciderant
486 577 595 658 lapsi:
618 575 832 658 surgentibus,
843 575 971 638 obstitit
985 572 1088 651 ensis,

243 680 397 746 Alterius
413 673 534 756 costis,
541 677 659 761 jugulo
674 675 875 754 Phorbantis
891 675 1066 742 adactus..

243 780 292 846 At
305 802 374 847 non
389 780 571 846 Actoriden
583 779 733 857 Erithon,
749 778 805 844 cui
820 779 890 842 lata
901 775 1054 860 bipennis
1149 807 1151 812 ·

243 883 361 947 Telum
377 888 463 960 erat,
473 881 608 946 hamato
623 879 765 944 Perseus
779 880 864 962 petit
879 872 975 944 ense:
999 877 1059 942 scd
1074 875 1150 942 altis
1301 879 1346 944 80

242 982 421 1048 Extantem
435 982 555 1065 signis,
569 983 753 1064 multaque
765 981 801 1045 in
817 979 961 1062 pondere
976 997 1113 1058 maeste,

244 1084 417 1166 Ingentem
432 1083 585 1149 matribus
599 1083 688 1149 tollit
699 1085 829 1146 cratera
840 1081 992 1158 duabus;

242 1183 449 1269 infregitque
463 1185 549 1249 viro.
587 1183 740 1250 Rutilum
754 1183 860 1248 vomit
874 1183 930 1246 ille
945 1200 1117 1250 cruorem:
1169 1263 1173 1274 Ι

244 1287 288 1352 Et
300 1288 476 1370 resupinus
489 1287 626 1352 humum
640 1286 838 1350 moribundo
852 1285 976 1351 vertice
989 1286 1111 1368 pulset.
1148 1359 1152 1368 ‚

244 1388 327 1453 Inde
342 1388 539 1452 Semiramio
553 1386 797 1470 Polydaemona
811 1386 970 1468 sangnine
985 1389 1111 1450 eretum
1196 1437 1203 1460 ,,
1304 1386 1352 1454 85

245 1489 511 1572 Caucasiumque
526 1488 665 1566 Abarin,
677 1488 1008 1572 ¹Sperchionidenque
1023 1488 1200 1569 Lycetum,
1286 1511 1302 1580 .'

245 1589 483 1671 Intonsumqoe
497 1608 612 1653 comas
628 1588 765 1674 Elycen,
776 1588 1026 1672 Phlogiumque,
1039 1587 1241 1674 Clytumque

242 1691 387 1756 Sternit:
409 1694 443 1753 et
457 1694 621 1754 asnuctm
635 1691 831 1756 morientum
846 1691 957 1756 calcat
970 1709 1121 1757 acerror.
1139 1717 1146 1732 =
1178 1723 1180 1730 ·

244 1791 319 1857 Nec
337 1791 482 1864 Phineus
497 1809 601 1854 ansus
615 1809 809 1856 concurrere
824 1793 975 1856 cominus
988 1791 1089 1869 hosti,

244 1893 417 1976 Intorquet
426 1892 600 1974 jaculum:
623 1893 715 1975 quod
730 1893 849 1957 detulit
863 1913 951 1958 error
965 1895 1001 1956 in
1016 1892 1114 1972 Idan,
1303 1893 1351 1960 90

243 1994 427 2078 Expertem
441 1993 564 2058 frustra
576 1994 666 2070 helii,
686 2000 721 2058 et
733 2000 849 2058 neutra
863 2013 956 2058 arma
969 1999 1132 2060 secutum.

243 2095 306 2160 Ille
321 2100 414 2160 tuens
430 2088 715 2160 oc'ulisimmitem·
725 2095 854 2164 Phinea
868 2093 986 2172 terrie,

242 2291 325 2340 liumus
342 2291 389 2340 late
407 2289 511 2340 delibuta
527 2287 635 2350 tepebat:
658 2289 754 2350 glorier
770 2288 888 2338 imnrieeue
900 2253 987 2350 iugulo
1006 2287 1160 2345 parronam,
1177 2291 1205 2335 et
1224 2269 1294 2336 lateri
1312 2289 1349 2338 ol·

203 2359 205 2364 ’
241 2355 324 2414 tamur,
340 2355 460 2418 probibuit
474 2369 522 2403 rere
533 2352 657 2414 erigentur.
690 2356 724 2402 Ar
741 2354 840 2402 Perreua
850 2368 896 2402 non
906 2353 997 2401 inuadit
1008 2351 1094 2413 'gladio
1104 2352 1222 2400 intentato
1241 2351 1350 2402 Eritlron

150 2425 155 2433 “
241 2419 379 2477 Actoriden,
387 2419 429 2482 qui
439 2433 506 2465 arma
515 2416 613 2478 gerebat
627 2420 717 2464 numam
728 2416 849 2477 bipennem
858 2433 869 2475 ,⁴
884 2419 925 2464 red
939 2416 1010 2464 aran
1027 2420 1129 2478 utraque
1142 2430 1213 2470 manu
1230 2419 1348 2465 craterem

240 2481 370 2530 maximum
377 2482 548 2544 prominentem
557 2478 633 2540 eignie
644 2479 805 2541 eminentibus,
815 2485 840 2528 et
858 2495 950 2540 mugnoe
960 2479 1028 2528 melia
1039 2480 1065 2526 in
1073 2481 1184 2542 pondere,
1195 2485 1220 2528 et
1234 2479 1311 2534 mittit
1319 2481 1349 2530 in

241 2547 326 2595 uram.
360 2546 404 2593 lile
422 2549 512 2592 eructat
528 2543 665 2604 ennguinem
682 2543 787 2602 rutrum,
806 2549 829 2591 et
849 2546 970 2606 resupinae
983 2544 1078 2606 plangit
1089 2547 1178 2591 terrum
1188 2544 1265 2606 cupite
1275 2545 1350 2600 mori·
1390 2593 1394 2602 ,

242 2609 327 2657 tundo.
361 2610 451 2658 Postea
470 2609 571 2670 proterit
594 2607 782 2669 Polydaemonem
802 2611 880 2656 antron
905 2607 1018 2668 rumine
1037 2607 1186 2669 Semiramio,
1207 2612 1231 2655 et
1252 2607 1349 2658 Adur-in

239 2671 391 2734 Gumoarium,
411 2677 435 2720 et
456 2671 569 2734 legentum
588 2669 780 2732 Spectantem,
796 2678 820 2720 et
837 2669 928 2734 Eiycen
946 2675 1065 2732 gerentem
1083 2671 1179 2733 cupitloa
1193 2671 1305 2733 tatarum,
1321 2679 1348 2721 et

242 2736 370 2797 Piiegian,
391 2740 415 2783 et
432 2736 542 2798 Clytum:
559 2739 584 2782 et
600 2733 688 2796 premit
703 2736 801 2796 pedibas
816 2737 917 2784 cumulm
932 2740 1079 2784 commeator
1089 2735 1229 2788 obeuntium.
1263 2737 1348 2799 Neque

167 2801 170 2808 '
242 2800 348 2848 Phineus
366 2815 437 2850 nunu
452 2798 598 2847 committere
614 2805 733 2846 certamen
748 2799 907 2862 propinatum
916 2799 990 2860 noue,
1000 2799 1078 2848 vibrat
1088 2801 1170 2860 telum,
1183 2801 1243 2862 quad
1254 2799 1349 2856 incerta

241 2874 325 2912 amnne
333 2865 432 2913 detorsit
439 2864 464 2912 in
476 2863 545 2922 Idan,
554 2863 704 2926 nequicquam
715 2865 840 2912 immunem
850 2878 866 2910 a
877 2863 943 2924 bello,
953 2868 976 2911 et
988 2869 1096 2912 neutrum
1104 2868 1222 2912 conamen
1232 2868 1347 2914 tuentem.

241 2928 287 2978 Ille
297 2927 412 2992 aepioimu
422 2928 495 2978 acutia
505 2925 595 2976 merua
605 2925 687 2986 serum
703 2926 831 2989 Phineum,
852 2927 1055 2990 Quandoquidem,
1073 2927 1160 2991 inquit,
1176 2943 1245 2989 cogor
1259 2930 1285 2976 in
1290 2927 1347 2987 sae·

697 3052 756 3073 oue
759 3051 861 3072 “0⁴0ss
864 3054 878 3074 O

239 3151 309 3199 aeque
318 3137 451 3187 inclinarit.
466 3135 632 3200 vitigenam
643 3137 674 3184 ad
685 3136 826 3188 tran-m
842 3135 875 3184 In
885 3142 951 3186 vett.
961 3135 1057 3198 legitur
1066 3135 1248 3186 &eaden-⁷6
1263 3137 1346 3187 Bero-

240 3199 285 3249 lin.
301 3203 349 3249 late
362 3203 510 3258 ¹teitan-48
527 3199 642 3249 Beroliu.
663 3200 753 3262 Plora,
772 3202 948 3264 adoptare-79
964 3201 1018 3249 Pro
1041 3201 1149 3262 arama,
1168 3201 1211 3248 alii
1227 3201 1346 3252 scribunt

240 3263 337 3324 Eriton,
348 3265 390 3315 vel
407 3265 584 3327 Erycum—80
602 3263 708 3312 Humato
718 3264 781 3312 Lov.
792 3263 871 3311 habet
891 3278 937 3326 pro
948 3263 1000 3314 dir.
1010 3264 1072 3313 lect.
1084 3263 1153 3312 unde
1171 3261 1259 3313 Heius.
1272 3261 1345 3314 iece-

237 3325 294 3392 'pin
311 3326 429 3392 frigidius
440 3326 508 3380 enim
530 3327 563 3385 ei,
579 3341 628 3374 nec
647 3327 804 3386 conveniens
824 3329 995 3390 pugnantium
1012 3329 1098 3376 ardori
1116 3327 1261 3396 videbatui,
1272 3329 1344 3418 quod

240 3390 322 3438 celeri
373 3391 444 3450 beot,
461 3393 626 3452 admota—Sl
645 3391 748 3439 Thoan.
766 3403 910 3454 magnoque.
937 3393 998 3443 Jun.
1019 3397 1045 3440 et
1062 3393 1237 3456 pondere-St
1261 3393 1344 3470 iulg.

240 3453 335 3515 infligit
352 3455 439 3504 sciro:
456 3454 559 3520 quidum
572 3469 633 3503 vero
644 3453 772 3517 immisitq.
789 3453 888 3504 Arand.
908 3463 935 3503 ct
947 3458 987 3506 Fr.
1000 3464 1053 3520 opt.
1071 3456 1213 3520 Infringitq.
1241 3455 1343 3506 Graevr·

171 3564 174 3570 .
238 3517 302 3566 anua
311 3517 438 3580 infregitq.
452 3519 519 3581 quod
536 3525 562 3566 et
574 3519 697 3580 placebat
709 3518 801 3567 Helua.
818 3517 889 3568 Ball.
902 3521 1011 3570 Calidum
1022 3521 1105 3568 vomit.
1124 3519 1158 3569 R.
1169 3536 1230 3568 nom.
1240 3535 1281 3569 ore
1291 3529 1346 3572 cru·

214 3589 227 3638 ,“
236 3579 375 3632 'orem—85
387 3583 429 3646 Sae
450 3596 464 3630 e
476 3583 555 3632 etiarn
562 3582 684 3642 scribitur
700 3583 1074 3645 Polydegmona-Sti'Berolin.
1087 3584 1235 3645 Camurium,
1247 3585 1343 3635 omissa
1399 3617 1406 3627 -

235 3647 405 3710 ,copulae-8⁷
424 3597 497 3696 idem
516 3645 572 3694 Non
591 3649 771 3710 mmmmm-88
795 3645 866 3696 Med.
884 3649 982 3714 lfirnan.
1002 3654 1030 3698 et
1048 3649 1090 3697 Fr.
1114 3653 1247 3706 ortmrtor;
1270 3645 1343 3714 iulg.

238 3715 387 3771 eurtrurtoe;
411 3711 487 3760 multi
504 3713 570 3761 vett.
587 3713 731 3768 emtinotmr
754 3711 907 3761 Graevianne
926 3718 1042 3763 extentae.
1060 3712 1151 3762 Heius.
1170 3713 1237 3776 conj,
1252 3719 1276 3762 et
1287 3713 1343 3764 irino

239 3947 371 4000 oriundus.
401 3971 403 3978 ⁴
537 3953 543 3972 ⁸
840 3956 874 4001 86
892 3949 1042 4016 Cauendum]
1054 3950 1080 4002 A
1093 3951 1341 4017 Cannaro,Sc5tlriae
1365 3973 1368 3980 ⁴

234 4041 237 4050 ·
270 4025 304 4072 w
319 4025 460 4088 Actoriden]
475 4023 679 4077 Antonianum.
739 4041 742 4048 ’
809 4034 907 4078 monte.
1063 4030 1065 4034 ’

271 4102 303 4147 St
320 4101 770 4174 Semimnlo18emiramldb'reginre,
841 4109 872 4154 91
887 4103 1135 4168 liupertenrfmm]
1149 4105 1343 4158 nutarentur
1398 4155 1401 4158 .

237 4173 272 4223 de
284 4187 335 4240 qne
345 4189 431 4240 rupea.
809 4182 1085 4246 immurmurantem
1099 4182 1342 4246 tamen-oppetitur.
