2886 4774
385 345 743 396 uernuonnrrosnou
768 347 842 397 nra.
866 349 953 397 xrrr.
1079 366 1082 371 -
1132 331 1219 398 1⁶65

117 483 206 549 Esse
219 505 292 551 rear
304 487 440 553 nultum.
486 486 567 567 Qut,
584 507 663 554 eum
677 490 868 574 imploraret
881 489 1008 556 Ulixen
1173 491 1218 556 65

116 580 262 652 Vulnere
276 589 387 652 tardus
401 590 491 672 equi,
505 590 682 674 fessusque
695 592 853 657 senilibus
867 592 974 670 annis,

115 687 277 753 Proditus
291 707 311 752 a
326 689 418 753 socio
433 697 496 754 est.
542 690 624 754 Non
636 693 709 757 haec
723 693 804 756 mihi
817 695 954 759 erimina
964 693 1046 777 tingi

115 789 191 854 Scit
204 791 285 853 bene
299 788 468 873 Tydides:
492 792 552 873 qui
563 794 694 856 nomine
707 812 798 876 saepe
815 801 972 858 vocatum

116 890 306 972 Corripuit3
329 890 526 974 trepidoque
538 892 652 974 lugam
666 894 881 976 exprobravit
895 895 1016 960 amico.

114 979 415 1073 Aspiciunt'ocutis
431 991 549 1075 Superi
563 993 717 1057 mortalia
733 993 848 1076 justis.
1173 996 1227 1076 70]

114 1091 167 1155 En
182 1097 256 1176 eget
270 1092 407 1169 auxilio,
424 1094 482 1175 qui
496 1114 563 1158 nou
577 1095 653 1160 tulit
665 1115 675 1158 t
696 1101 798 1178 utque
812 1095 955 1177 reliquit,

114 1193 173 1257 Sic
189 1193 389 1277 linquendus
404 1201 484 1261 erat.
529 1198 653 1278 Legem
668 1198 742 1261 sibi·
750 1198 880 1262 dixerat
892 1197 979 1279 ipse.

115 1293 317 1360 Conclamat
331 1298 456 1362 socios.
503 1295 650 1378 Adsum3
674 1298 838 1380 videoque
854 1302 1057 1377 trementem,

114 1395 363 1478 Pallentemque
377 1402 479 1473 metu,
495 1417 537 1461 ao
552 1397 774 1482 trepidantem
788 1403 891 1462 morte
903 1397 1024 1464 lutura.

114 1491 271 1580 Opposui
284 1497 405 1561 molem
419 1498 547 1581 elypei;
570 1500 707 1581 texique
717 1500 907 1581 jacentem
968 1507 974 1518 '
1144 1503 1218 1566 ·75

114 1598 321 1680 servavique
336 1599 478 1662 animam
498 1597 686 1682 (minimum
701 1605 752 1662 est
765 1599 831 1664 hoo
844 1596 971 1682 laudis)
991 1601 1137 1666 inertem.

113 1698 152 1762 Si
167 1703 295 1780 perstas
309 1703 446 1775 certare,
459 1697 572 1762 locum
588 1697 766 1764 redeamus
780 1699 814 1762 in
829 1700 923 1764 illum
937 1721 945 1764 ε

114 1798 237 1864 Redde
249 1799 391 1876 hostem,
406 1798 591 1881 vulnusque
605 1805 709 1876 tuum,
726 1800 932 1884 solitumque
946 1803 1095 1868 timorem
1109 1825 1116 1867 :

114 1899 201 1963 Post
214 1899 434 1982 clypeumque
449 1899 536 1964 late:
560 1905 593 1963 et
608 1919 739 1962 mecum
755 1901 917 1964 contende
932 1905 995 1966 snb
1010 1903 1081 1967 illo.

114 1999 162 2064 At
178 2004 355 2082 postquam
371 1999 478 2081 eripui
492 2019 501 2078 ;
524 1999 581 2061 cui
597 1996 707 2062 standi
720 1999 855 2070 vulnera
874 1993 974 2062 vires
1172 2001 1215 2067 oo

111 2182 266 2244 prestiteris,
285 2189 312 2232 ut
324 2185 424 2238 ,credam
441 2184 530 2232 nullum
547 2197 596 2232 esse
609 2181 736 2246 flogitium
753 2179 885 2229 destituisse
905 2179 1039 2228 Nestorem.
1074 2179 1123 2236 Qui
1140 2181 1217 2229 testim

113 2250 211 2296 onlnem
220 2241 282 2312 equi,
301 2251 326 2296 et
343 2247 459 2306 correctus
477 2252 549 2296 oetate
566 2251 685 2310 proveeta,
698 2259 751 2292 eum
761 2259 827 2306 opem
843 2247 934 2307 peteret
944 2243 974 2291 ot
987 2243 1223 2306 Ulpssqdestitutus.

112 2311 175 2360 est'o
184 2310 277 2359 comite.
312 2312 414 2375 Tydides
425 2315 491 2361 uouit
501 2315 565 2360 eerto
574 2312 624 2359 luae
634 2309 721 2372 probra
732 2324 747 2358 o
758 2323 794 2356 me
810 2322 857 2356 soa
875 2307 1024 2368 excogitem
1041 2307 1081 2370 qui
1089 2308 1223 2370 prehendit.

111 2373 176 2438 eope
186 2375 284 2423 sitm
294 2377 386 2425 nomine
398 2390 452 2436 sno,
469 2380 539 2438 atque
550 2375 658 2434 coarguit
667 2371 755 2434 mom
775 2372 854 2420 timidi
869 2371 948 2420 unici.
982 2371 1030 2419 Dii
1041 2371 1121 2420 rident
1130 2377 1217 2421 terres·

111 2441 164 2488 trio
175 2439 249 2488 oeulis
260 2440 343 2498 justis.
377 2441 438 2488 Eece
455 2441 496 2502 qui
511 2455 558 2488 nou
568 2453 635 2500 opem
645 2437 701 2485 tulit
713 2450 771 2498 opus
780 2437 850 2484 iudet
868 2436 975 2483 auxilio?
991 2439 1060 2496 etque
1069 2439 1095 2483 ut
1106 2436 1216 2484 destituit

111 2503 148 2552 tta
159 2504 389 2553 erotdestitueudus.
423 2504 476 2567 lpse
491 2503 538 2552 eidi
555 2506 663 2566 posuerat
683 2502 766 2560 legem.
803 2500 877 2548 Vocat
895 2498 997 2548 comites.
1029 2499 1128 2560 decedo,
1144 2499 1216 2548 etis·

112 2568 182 2626 sepio
191 2568 311 2628 pavidum,
322 2573 347 2616 et
357 2581 499 2630 exsanguem
510 2568 604 2624 timore,
615 2569 684 2627 atque
695 2568 833 2612 trementem
843 2563 946 2612 instanti
955 2567 1037 2613 morte.
1072 2562 1153 2622 Odisti
1163 2579 1223 2613 ew.

112 2637 167 2680 tum
185 2632 300 2694 clypeum,
318 2636 342 2679 et
361 2631 457 2690 defendi
475 2634 638 2694 prostratum:
654 2633 724 2690 etque
742 2630 834 2675 amosi
853 2628 955 2676 animum
971 2626 1028 2690 (irie
1044 2627 1164 2676 minimum
1180 2633 1216 2677 est

110 2692 216 2755 glorio)
226 2697 351 2743 socordem.
384 2695 413 2743 Si
428 2696 510 2757 pergis
527 2695 673 2752 meeum,
692 2695 839 2740 revertemur
855 2692 881 2740 iu
892 2692 958 2740 illum
968 2692 1057 2740 locunt:
1071 2706 1131 2754 poue
1141 2693 1215 2741 denuo

111 2760 215 2817 hostem,
226 2762 295 2820 atque
305 2759 400 2820 plagam
410 2765 484 2819 tuam,
494 2762 517 2807 et
527 2763 613 2808 metum
624 2757 774 2806 comodum.-
789 2759 859 2818 utque
870 2756 941 2804 lotito
951 2770 1011 2818 pons
1018 2760 1111 2803 scutum
1121 2769 1217 2818 meum,
1255 2781 1257 2788 ι

111 2828 135 2872 et
147 2827 214 2870 certo
222 2837 311 2892 specum
321 2821 363 2871 sul
374 2822 423 2872 illo.
458 2822 493 2874 At
501 2828 625 2885 postquam
634 2820 745 2877 retruri,·
761 2819 800 2867 oui
811 2821 907 2868 uulnera
918 2834 964 2867 aon
974 2817 1216 2874 commessatfocul·

574 2959 755 2980 noceantne

112 3065 181 3112 -68
198 3061 321 3124 strom,
342 3069 368 3112 et
387 3062 459 3112 Med.
477 3077 533 3126 soep.
552 3065 666 3118 vocotus,-
683 3073 747 3108 unns
764 3059 826 3107 Bas.
843 3064 871 3107 et
887 3059 956 3108 Mor.
976 3062 1155 3108 summe—li
1171 3059 1214 3109 Fr.

113 3129 190 3190 Eget,
200 3127 314 3175 sutilium
324 3128 364 3190 qui
380 3143 427 3175 uon
438 3126 508 3176 tulit:
525 3125 576 3174 dno
589 3125 633 3172 alii
646 3125 680 3172 Et
689 3128 760 3184 neget
771 3123 895 3172 auxilium.
927 3122 1047 3172 Menard.
1063 3123 1108 3171 stt.
1120 3122 1215 3182 fecerat

111 3193 161 3254 ips.
192 3189 293 3248 Arund.
305 3203 333 3240 et
345 3199 445 3254 septem
459 3191 501 3238 alii
515 3191 626 3238 meent.
659 3188 726 3235 Dein
738 3188 866 3250 Bernegg.
877 3201 915 3250 pr.
924 3185 1022 3236 Erfnrt.
1033 3194 1059 3235 et
1070 3186 1159 3236 decem
1172 3188 1216 3237 alii

112 3257 203 3310 istum
219 3253 270 3303 dno
281 3257 372 3318 ipiam
389 3255 479 3303 Helos.
497 3250 563 3315 ionj.
580 3253 636 3327 ipsi,
652 3251 707 3300 scil.
725 3250 775 3298 sibi
793 3250 915 3326 ipsi—to
939 3251 1014 3313 Tres,
1030 3251 1124 3313 texique
1142 3251 1216 3300 loter-

112 3314 1215 3444 ttntttltttl'ttlttlt1:¹¹ttttssttnttgttssst’tttttttttqttltffie

112 3447 147 3496 Ia
159 3459 190 3495 ex
203 3398 365 3506 melioribnsp3
383 3446 450 3508 vulg.
462 3416 567 3495 ord-iti
579 3443 671 3493 Heius.
684 3443 756 3492 dedit
767 3439 856 3494 hostem
866 3458 913 3506 pro
925 3443 994 3507 vulg.
1005 3443 1091 3493 hostes.
1118 3443 1215 3508 Seitep·

570 3627 571 3632 =
612 3599 717 3651 NOTAE

113 3721 206 3770 nerato
217 3717 300 3766 altero
307 3715 401 3780 jugali,
413 3709 474 3778 fuge
486 3714 535 3763 sibi
545 3715 645 3764 eonsul-
686 3714 787 3775 damno,
799 3713 916 3777 potiaris,
928 3715 1027 3777 supple.
1208 3763 1218 3776 „

114 3807 222 3858 erenon
234 3799 332 3856 posset.
355 3791 432 3843 Quod
443 3791 475 3840 ll.
487 3804 548 3840 viu.
557 3796 646 3840 narrat
717 3794 749 3840 78
769 3790 868 3852 Vulnus]
894 3789 972 3840 Quod
989 3805 1004 3838 a
1023 3790 1088 3838 Soeo
1108 3787 1214 3851 Ulysses

60 3891 64 3897 ¹
115 3869 254 3932 Homeros,
262 3882 296 3918 ex
305 3882 357 3932 qno
367 3867 484 3916 desumto
495 3867 550 3916 hec
563 3879 646 3930 prope
685 3865 1064 3928 acceperat‚priusquamillnm
1072 3861 1215 3912 interfecis-

115 3945 209 3996 omnis.
686 3944 735 4002 set,
745 3945 774 3988 ut
790 3939 872 3988 refert
884 3940 1021 3989 Homerus.
1214 3997 1217 4002 Ι

147 4025 181 4070 68
199 4021 310 4085 Tydides]
335 4011 477 4070 Diomedes
493 4024 544 4082 est,
561 4017 644 4082 lydei
716 4020 749 4065 to
767 4016 890 4079 clypeum]
907 4017 965 4067 Quo
977 4015 1217 4080 Ajatruulnortttunr¹

116 4096 191 4148 lilius.
683 4090 805 4156 Ulyssem
815 4091 940 4156 proterite

148 4174 180 4220 77
195 4167 306 4238 Certoru]
317 4169 355 4220 Ut
371 4167 480 4222 Achillis
492 4167 577 4234 aroris,
587 4180 644 4217 meo
