2840 4766
255 894 313 982 P.
348 891 634 1026 ¹0v1u11
685 835 1052 990 anorus

72 1171 74 1174 Ι
179 1227 1129 1449 MuuAMonPHosuou

490 1625 690 1708 LIBER
728 1627 810 1706 IX·

465 1942 833 1992 W

295 2241 385 2306 Fun.
403 2241 438 2304 1.
499 2239 667 2306 Achelous
680 2239 714 2305 iu
728 2244 839 2306 varias
854 2239 1008 2325 Figuras.

111 2405 247 2456 llruruna
259 2407 337 2457 OEnei
348 2406 411 2469 tilia,
423 2407 565 2458 AEtnlsrurn
575 2407 648 2472 virgo
662 2406 860 2472 speciosissima,
869 2421 928 2458 cum
939 2423 955 2458 a
965 2408 1052 2459 multis
1060 2414 1203 2474 peteretur,

137 2495 208 2550 pater
216 2485 354 2538 constitnit
364 2486 389 2535 ei
400 2486 523 2550 conjugio
533 2487 664 2550 elaturum,
676 2479 722 2552 qni
730 2489 848 2538 luctandi
861 2503 940 2539 causa
950 2489 1060 2552 veniret,
1071 2489 1201 2542 vinceret·

136 2582 194 2630 que.
227 2564 396 2617 Manentibus
409 2565 497 2628 itaqua
509 2579 524 2614 c
535 2579 642 2615 usmaro
652 2572 788 2630 potentum
807 2567 918 2633 duobus,
929 2568 1045 2621 Acheloo
1056 2570 1160 2624 flumina
1173 2581 1202 2626 et

135 2647 261 2710 Hercule,
280 2645 342 2711 quia
358 2645 450 2710 reliqui
466 2645 499 2696 ob
517 2651 614 2698 metum
630 2654 770 2712 caruerant,
785 2649 812 2698 in
831 2657 963 2702 certamen
982 2666 1132 2719 processum
1150 2663 1201 2708 est.

135 2729 199 2780 Cum
209 2741 274 2792 ergo
285 2725 413 2776 Achelous
431 2727 591 2780 naturalibus
608 2728 692 2782 modis
704 2729 847 2783 Herculem
858 2731 985 2795 eluderet,
994 2733 1071 2782 modo
1081 2734 1109 2784 in
1119 2735 1202 2802 liquo·

134 2825 197 2871 reru,
216 2807 295 2858 modo
310 2806 337 2855 in
356 2806 472 2870 speciem
487 2807 616 2871 draconis,
632 2809 769 2881 nouissima
786 2809 812 2859 in
831 2811 899 2860 tauri
916 2809 1026 2875 figuram
1048 2827 1199 2878 conversus,

134 2889 226 2940 astitit.
267 2887 351 2938 Quem
369 2885 508 2950 Hercules,
525 2893 555 2936 ut
575 2888 707 2952 amplexus
725 2895 766 2938 est
783 2889 964 2953 reluctantem,
982 2892 1091 2942 alterum
1109 2909 1201 2954 cornu,

134 2970 201 3034 quod
213 2967 378 3031 implicuerat
389 2966 509 3027 brachiis,
519 2966 607 3029 rapuit
619 2971 757 3016 extortum.
792 2967 851 3019 Quo
868 2969 958 3018 dolore
976 2969 1021 3018 ille
1039 2985 1069 3019 ac
1081 2969 1201 3022 deformi·

134 3055 186 3100 tate
198 3045 341 3097 adversarii
351 3045 447 3094 viribus
456 3045 543 3095 cessit.
574 3044 613 3094 At
630 3045 757 3110 Nymphae
774 3045 898 3110 Naiades,
909 3046 1019 3096 fluminis
1029 3047 1099 3113 filia,
1111 3048 1201 3101 effece-

134 3135 202 3192 runt,
213 3133 244 3178 nt
255 3126 283 3175 id
293 3125 362 3190 quod
374 3130 492 3188 ereptum
502 3123 584 3187 capiti
602 3129 668 3186 erat,
685 3123 802 3198 omnihus
822 3126 903 3190 copiis
915 3128 1104 3179 autumnalibus
1117 3132 1201 3196 reple·

133 3215 205 3259 rent:
224 3213 255 3257 ut
266 3205 334 3272 apud
346 3211 463 3269 posteros
472 3205 611 3256 msxlrnum
622 3203 732 3254 haberet
739 3202 851 3255 fructum
862 3213 890 3256 et
900 3207 1072 3259 mirationem.
1105 3210 1201 3276 Itaque

133 3287 298 3351 Cornucopia
309 3283 431 3337 effectum
443 3292 492 3352 art,
502 3292 532 3335 ut
542 3286 675 3338 diceretur
686 3275 803 3337 omuibus
815 3287 983 3352 temporibus.

107 3433 210 3527 Qun
224 3455 378 3540 gemitus,
389 3461 581 3554 mmcaeque
597 3457 671 3521 Deo
688 3457 882 3542 Neptunius
896 3459 993 3528 heros

107 3561 214 3626 Causa
228 3563 325 3641 rogat
339 3557 474 3625 frontis:
497 3578 572 3623 cum
587 3561 636 3624 sic
652 3559 858 3646 Calydonius
872 3565 980 3628 amnis

134 3739 154 3776 1.
170 3725 252 3776 Hero·
264 3720 574 3786 repraesentemus
592 3738 662 3773 consu
670 3725 773 3787 gemitus
783 3727 845 3789 Deo,
856 3731 880 3775 et
891 3725 983 3786 finctis
997 3727 1132 3784 mutilum
1149 3739 1202 3774 curs

597 3869 703 3920 Nom
802 3915 804 3922 .

133 3977 631 4042 llluncoe]Qnisoornualterocarebat.
702 3981 891 4047 scalpurrire]
911 3981 1038 4032 Achelous
1053 3993 1155 4044 nempe,
1171 3985 1201 4031 ut
1238 3987 1241 3996 ‘

135 4059 279 4124 Neptunius]
293 4059 409 4110 Theseus
418 4067 458 4110 est
465 4060 592 4126 Neptuni,
599 4061 631 4134 ab
665 4059 721 4122 jam
732 4067 802 4124 stepe
814 4057 932 4110 vidimus.

107 4137 180 4201 AEgao
192 4142 276 4200 patre,
291 4149 382 4199 nepos.
429 4131 435 4144 '

167 4211 254 4280 nerlu.
266 4221 289 4287 pt
303 4215 361 4266 Ver.
377 4215 443 4268 Cius.
620 4213 692 4262 Ouid.
1078 4216 1093 4262 t
1110 4212 1135 4263 Q
1196 4217 1198 4222 '
