2930 4778
216 315 303 392 4088
500 357 504 365 ·
583 339 613 386 r.
637 328 756 386 evron
781 324 944 386 nasonis
1025 322 1031 330 '

215 483 280 551 Est
292 483 349 548 via
362 479 514 559 declivis,
525 471 659 544 tanesia
673 481 786 545 nubila
799 485 881 546 taxo
895 500 905 544 ε

218 585 322 649 Ducit
335 582 380 647 ad
395 581 539 646 infernas
553 575 613 664 per
625 585 717 644 mutu
728 581 861 646 silentia
875 579 982 644 sedes.

217 686 303 770 Styx
317 684 456 748 nebulas
467 682 606 747 exhalat
618 681 726 746 iners:
749 667 938 764 umbraeque
953 683 1100 745 recentes

218 783 433 852 Descendunt
447 771 539 862 illac,
553 784 797 866 simulacraque
812 783 928 847 functa
942 783 1117 865 sepulcris.
1251 784 1318 850 435

217 886 332 951 Pallor
348 885 547 970 Hyemsque
563 886 758 950 tenent'laie
771 885 847 948 loca
862 889 973 949 senta:
995 884 1151 966 novique,

219 986 297 1068 Qua
312 988 358 1052 sit
368 988 442 1065 iter,
457 987 590 1066 Manes,
607 987 760 1069 Stygiam
774 986 865 1069 qnod
876 985 968 1051 ducit
983 986 1026 1050 ad
1040 985 1166 1063 urbem,

218 1090 399 1172 Ignorant:
416 1089 480 1154 nbi
496 1091 541 1154 sit
555 1089 641 1170 nigri
655 1087 830 1169 ieraregia
845 1087 946 1152 Ditis.

218 1192 314 1257 Mille
325 1210 439 1275 capax
453 1193 575 1268 aditus,
592 1195 626 1254 et
641 1195 776 1273 apertas
790 1189 937 1272 undique
951 1193 1066 1273 portes

218 1285 311 1358 Urbs
324 1295 437 1358 babet.
480 1293 593 1376 thue
608 1293 728 1358 fretum
744 1292 785 1356 de
800 1298 873 1357 tota
885 1293 1025 1358 flumina
1039 1300 1135 1370 terra,
1252 1293 1318 1357 440

219 1396 277 1461 Sic
294 1415 408 1460 omnes
424 1387 553 1460 animas
565 1395 664 1460 locus
680 1395 804 1478 accipit
817 1395 873 1459 ille
886 1414 895 1475 3
917 1413 978 1460 nec
993 1395 1055 1458 ulli

219 1495 371 1578 Exiguus
386 1496 513 1580 populo
527 1501 593 1574 est,
609 1497 782 1561 turbamve
797 1496 957 1560 accedere
972 1495 1081 1561 sentit.

219 1596 341 1664 Errant·
354 1615 545 1680 exsangues
561 1598 634 1662 sine
649 1617 787 1682 corpore
802 1605 837 1662 et
852 1599 983 1662 ossibus
998 1599 1146 1662 umbrae:

218 1697 372 1782 Parsque
385 1698 491 1763 forum
507 1700 687 1778 celebrant,
702 1719 781 1783 pars
794 1700 854 1764 imi
866 1705 954 1766 tecta
967 1700 1095 1785 tyranni
1108 1720 1117 1780 ;

219 1795 305 1866 Pars
320 1799 403 1863 alias
418 1805 522 1879 artes,
535 1801 685 1884 antiquae
698 1802 887 1866 imitamina
897 1801 989 1866 ritae.
1253 1799 1319 1864 445

218 1980 306 2028 riutilio
315 1977 509 2040 suisfurcribus?
546 1982 590 2030 Est
600 1981 647 2030 iter
658 1983 791 2044 depressum
799 1981 922 2031 obductum
930 1984 988 2028 toxo
993 1980 1126 2042 pestifcru;
1142 1980 1207 2028 ducit
1215 1981 1246 2028 cri
1253 1981 1319 2028 series

173 2059 178 2068 ·
219 2044 329 2108 Stygias,
344 2050 463 2107 permuta
480 2046 584 2094 silentia.
617 2046 695 2106 Pigra
703 2047 772 2107 polus
784 2045 873 2110 Stygia
884 2045 975 2092 emittit
985 2044 1079 2094 nebulus
1086 2061 1097 2102 ;
1114 2045 1237 2092 etumbroe
1253 2058 1319 2100 acore

218 2111 241 2155 et
248 2107 367 2168 imagines
376 2109 489 2171 sepulcris
494 2107 588 2168 fuuctoe
598 2109 738 2158 demandent
748 2109 819 2157 illac:
846 2109 941 2156 Horror
952 2113 976 2156 et
983 2107 1075 2168 frigus,
1087 2113 1110 2155 et
1120 2112 1223 2156 recentes
1235 2107 1321 2158 Mures

218 2171 325 2220 studeat
333 2175 380 2220 lote
390 2175 438 2221 loco
449 2173 555 2236 squalido
563 2188 609 2236 quc
621 2178 656 2222 est
667 2173 707 2221 uic
723 2187 775 2236 quoe
786 2172 851 2220 ducit
868 2173 898 2219 rat
909 2171 988 2220 urben
1000 2171 1125 2231 inseruum.
1162 2171 1223 2220 Urbi
1234 2187 1321 2234 mnne

218 2235 289 2285 lubet
299 2237 364 2286 mille
374 2237 463 2301 cuitus,
473 2242 495 2286 et
501 2237 569 2298 sires
580 2235 815 2300 uritque‘puteries:
832 2241 856 2284 et
866 2238 1056 2300 quemamodum
1071 2249 1134 2284 mure
1145 2236 1230 2299 recipit
1240 2249 1320 2284 omres

217 2299 294 2350 'totius
311 2305 391 2358 terra,
409 2301 443 2350 ric
462 2301 502 2350 ille
519 2303 582 2351 locus
600 2317 678 2352 omnes
697 2298 805 2358 animun
816 2313 894 2366 ¹neque
905 2305 940 2349 est
956 2315 1044 2364 porrus
1058 2301 1100 2349 ulli
1112 2300 1267 2362 mutitudini,
1278 2305 1321 2348 aut

219 2363 291 2414 sentit
301 2365 396 2428 agmina
407 2366 494 2415 uenire.
531 2365 626 2416 Umbra
636 2379 768 2426 exsangues
784 2371 901 2426 sugantur
911 2366 962 2414 sine
971 2380 1065 2427 corpore
1076 2371 1099 2413 et
1110 2363 1215 2422 ossibus3
1231 2370 1255 2412 ct
1264 2377 1322 2428 pars

218 2425 308 2480 udsicti
319 2429 443 2492 suotsorc,
456 2443 514 2493 pars
524 2431 603 2479 domm
613 2429 702 2492 inserui
719 2429 793 2491 regis,
801 2443 858 2492 pars
872 2429 928 2477 aliis
943 2429 1028 2478 auritis
1040 2435 1067 2478 et
1083 2429 1225 2490 imaginibus
1235 2431 1321 2477 ueteris

684 2557 861 2578 mm

220 2633 377 2694 Profuaestu
389 2636 480 2686 Heius.
491 2637 580 2686 mallet
592 2654 643 2701 pure
661 2644 752 2690 moeste.
777 2638 888 2688 Irrrrutilc
908 2638 986 2687 etiam
998 2638 1061 2686 Mss.
1072 2639 1256 2684 Rerum—433
1272 2634 1322 2684 Ar-

219 2706 323 2761 gentor.
340 2701 370 2747 ad
391 2699 496 2759 insertos
514 2703 605 2753 Mores.
638 2702 669 2752 In
690 2703 806 2766 plurimis
827 2703 930 2766 scriptis
947 2709 974 2750 et
994 2699 1075 2749 Codd.
1098 2702 1171 2748 rnultc
1185 2701 1320 2748 sicaria-

219 2765 267 2812 lM
285 2763 357 2812 Leiri.
368 2765 477 2827 smtraeq.
493 2765 690 2815 nocentes-43?
708 2766 801 2814 Heins.
813 2768 882 2830 conj.
911 2767 966 2820 Quo
975 2765 1011 2830 fit
1024 2765 1081 2824 tier,
1098 2771 1126 2812 et
1137 2763 1208 2812 delet
1220 2777 1320 2812 versum

218 2839 273 2890 seq.
294 2833 324 2876 ut
345 2828 392 2876 boc
415 2827 525 2892 dicatur,
546 2831 597 2878 iter
618 2835 702 2879 totum
723 2830 834 2879 obsideri
867 2846 882 2877 a
903 2831 976 2878 novis
993 2829 1118 2877 manibus.
1152 2828 1241 2875 Burm.
1260 2841 1320 2876 con·

220 2897 377 2950 tremeret,
399 2907 422 2940 v.
449 2894 503 2942 uoci
523 2895 657 2958 postulare
677 2895 818 2958 sequentia,
836 2892 888 2942 Alii
907 2896 977 2942 ducat
996 2895 1027 2940 ud
1045 2892 1211 2942 urbem-441
1238 2891 1319 2941 Gran.

218 2956 282 3004 lorus
304 2969 351 3018 pro
370 2957 439 3004 locus.
464 2959 524 3005 Duo
547 2958 630 3008 Codd.
648 2961 710 3007 locris
726 2975 751 3006 s.
769 2959 907 3019 ipsa—442
925 2959 955 3005 li.
972 2963 1000 3004 et
1019 2965 1130 3020 quatuor
1148 2956 1192 3003 alii
1208 2971 1251 3004 uec
1269 2959 1320 3002 tur·

219 3018 291 3077 tumr
322 3020 439 3069 nonnulli
455 3021 697 3084 turbamque—444
714 3020 767 3070 Alii
786 3035 843 3084 pars
863 3022 964 3080 summu
991 3020 1033 3069 alii
1054 3020 1224 3082 nigra—445
1244 3018 1319 3083 Vulg.

713 3162 820 3218 NOTAE

233 3339 235 3344 Ι
251 3277 299 3330 432
310 3275 386 3337 Taso]
403 3273 489 3323 Arbor
500 3282 541 3323 est
551 3281 686 3337 venenata,
696 3275 751 3323 abi·
791 3277 889 3324 nullum
898 3275 1007 3340 spatium
1015 3280 1143 3338 occupant
1153 3274 1253 3332 anima,
1262 3285 1320 3336 quse
1341 3315 1343 3320 .

219 3349 257 3399 'etl
267 3345 367 3409 similis,
379 3361 454 3414 quam
469 3350 577 3399 dicimur
590 3351 692 3400 Gallice
702 3351 749 3410 ru.
791 3352 816 3400 in
827 3353 886 3401 Deo
899 3353 994 3416 vivunt,
1012 3353 1038 3424 io
1052 3352 1143 3416 abysso
1156 3349 1319 3398 tenebrarum

251 3429 298 3474 435
317 3423 421 3486 Faucia]
446 3427 507 3475 Non
525 3427 593 3474 enirn
611 3426 749 3490 insepulto·
790 3428 832 3476 uel
843 3428 951 3476 lerninis.

218 3510 275 3548 rrrur
294 3500 438 3549 simulacris
455 3515 499 3550 seu
518 3502 623 3563 unrbrir,
640 3503 749 3551 aursni·
821 3506 869 3551 444
897 3503 994 3562 Forum]
1019 3500 1071 3549 Ubi
1095 3500 1209 3562 litigent,
1231 3512 1321 3552 causus

217 3573 308 3623 insbus
315 3573 423 3646 ¹Stygem
431 3577 550 3638 paludem
556 3577 594 3626 fas
602 3586 659 3628 erat
667 3587 749 3628 trans·
790 3585 877 3638 agant,
887 3579 935 3625 &o
969 3577 1073 3639 Quippe
1085 3576 1152 3638 apud
1165 3577 1266 3626 Interes
1277 3577 1321 3626 iis-

220 3653 269 3703 ire.
790 3651 848 3700 rlenr
860 3651 942 3700 teneri
953 3651 1045 3701 studiis
1062 3651 1175 3699 homines
1184 3653 1321 3703 voluerunt

223 3785 227 3796 ¹
251 3732 300 3778 436
316 3727 402 3790 Senta]
421 3729 525 3792 Quippe
537 3730 630 3777 inertia
642 3735 669 3778 et
680 3729 749 3791 quie:
789 3728 903 3790 Etbnici,
914 3728 1004 3792 quibus
1025 3727 1050 3775 in
1070 3729 1116 3776 bac
1134 3728 1189 3775 vita
1205 3727 1320 3778 delectu·

218 3813 257 3863 ts,
268 3817 318 3868 quo
331 3804 414 3852 nullus
430 3803 497 3852 Solis
510 3803 595 3852 rudius
605 3804 749 3866 pervadere
790 3811 893 3854 rentur:
913 3817 985 3866 aquo
996 3817 1047 3850 oon
1056 3805 1082 3849 in
1094 3808 1177 3850 toturn
1187 3803 1321 3867 scripturo

218 3871 314 3942 potest.
790 3877 899 3937 abludit,
911 3891 968 3940 qum
984 3890 1063 3938 opera
1080 3884 1167 3925 nostra
1181 3892 1227 3926 nos
1245 3881 1319 3945 sequi

250 3959 298 4010 438
308 3951 434 4016 Igrrorarrt]
443 3953 495 4002 Vix
503 3967 544 4001 ruo
556 3953 680 4016 continui,
688 3953 749 4017 quin
790 3953 907 4002 affirmat.
940 3952 991 4004 see
1011 3966 1045 4001 ex
1061 3955 1196 4005 secretiori
1207 3965 1235 4006 et
1247 3971 1321 4006 sane·

217 4027 405 4092 ineptissimum
418 4044 528 4093 versum,
544 4029 647 4077 omnino
657 4030 749 4078 tollen·
788 4029 850 4078 tiori
861 4023 1013 4090 Theologia,
1029 4044 1079 4078 non
1095 4045 1129 4078 ex
1146 4035 1251 4094 garrula
1267 4033 1320 4095 illa,

218 4101 430 4174 demereamini.
789 4106 1319 4170 quoeomoempropeorbemclrristisnum

250 4181 299 4228 441
318 4180 370 4228 Nec
385 4180 430 4230 ulii
444 4178 555 4244 emaus]
571 4179 639 4230 uuir
655 4189 748 4242 nempe
787 4179 892 4246 invasit,
899 4181 988 4231 borum
997 4183 1112 4245 cognitio
1120 4188 1160 4232 et
1168 4182 1318 4247 repetendo.
