2840 4766
364 901 422 990 P.
466 897 744 989 OVIDII
796 894 1159 990 NASONIS

160 1164 197 1192 ”
287 1131 1235 1349 Muuuuuourflosuon

594 1603 780 1680 LIBER
818 1601 930 1680 vul.

563 1918 960 1932 m

216 2215 306 2282 Fau.
328 2215 357 2284 Ι.
401 2215 514 2300 Scylla
537 2209 617 2276 Nisi
631 2209 700 2276 filia
721 2209 757 2274 in
780 2171 1000 2288 avemCiriu,
1026 2217 1060 2276 ct
1089 2209 1192 2278 Nisus
1217 2218 1314 2296 paler

518 2315 591 2400 ejus
606 2315 640 2378 in
655 2331 750 2378 arem
766 2312 983 2378 Huliaeetum.

215 2475 308 2528 Minos
316 2475 389 2527 Jovis
400 2479 428 2522 et
438 2474 549 2535 Europe
565 2471 640 2534 filius,
651 2486 709 2521 cnm
721 2477 830 2536 propter
839 2470 918 2520 lilium
929 2470 1093 2534 Androgeum
1103 2469 1269 2521 interemtum
1275 2471 1316 2521 ab

246 2551 448 2606 Atheniensibus
467 2565 555 2614 poenss
573 2556 722 2613 repeteret;
748 2553 868 2615 Megara,
885 2552 912 2600 ln
931 2567 983 2615 qun
1002 2551 1065 2602 urbe
1082 2551 1208 2614 regnabat
1224 2552 1316 2612 Nisus,

247 2634 437 2684 continuocum
447 2629 647 2678 Atheniensibus
663 2631 779 2681 accessit.
812 2631 1132 2694 Qunexpugnnta,animo
1147 2638 1317 2696 conceperat,
1417 2653 1418 2672 l

248 2710 340 2762 occisis
359 2709 468 2758 hostium
488 2707 624 2770 presidiis,
642 2709 777 2758 victoriam
796 2709 911 2760 faciliter
928 2717 1132 2760 consecuturum.
1164 2710 1239 2759 Inter
1255 2725 1314 2775 qum

247 2791 332 2856 Scylla
339 2788 397 2838 Nisi
405 2786 458 2836 filiu
465 2800 565 2835 murum
574 2786 692 2835 escendit
698 2786 843 2837 delectandi
853 2788 946 2851 gratia,
953 2796 1060 2852 propter
1069 2788 1180 2852 lapidem
1190 2791 1317 2854 vocalem,

247 2872 290 2935 qni
300 2869 428 2932 Apollinis
436 2867 541 2917 cithare
550 2866 648 2929 positus
658 2867 768 2916 sonitum
780 2868 921 2931 adjecerat.
955 2869 993 2918 Ut
1004 2869 1185 2918 animadvertit
1196 2869 1315 2920 Minodm
1416 2859 1417 2862 Ἴ

247 2949 305 3000 urbi
315 2948 469 3010 assidentem
478 2947 551 2995 cultu
562 2945 651 3008 regali,
658 2945 810 3011 bellicisque
821 2946 899 2996 rebus
909 2947 1044 3009 interesse,
1054 2949 1246 3011 pulchritudine
1254 2951 1315 3016 ejus

247 3030 353 3080 exarsit.
397 3027 508 3078 Etcum
530 3025 646 3090 potiendi
665 3027 761 3076 nullum
784 3027 849 3077 riam
871 3028 1009 3089 inveniret,
1029 3035 1058 3077 nt
1072 3028 1196 3078 victorem
1212 3027 1315 3080 hostem

247 3113 347 3164 faceret
356 3109 540 3175 gloriosiorem,
552 3107 648 3157 crinem
663 3122 820 3172 purpureum
832 3109 900 3172 patri
912 3109 1048 3158 dormienti
1059 3109 1180 3173 abscidit,
1194 3125 1245 3175 quo
1258 3109 1317 3164 feta

247 3191 339 3253 patrius
361 3187 563 3238 continebantur.
608 3188 690 3241 Quem
713 3203 781 3250 cum,
802 3189 925 3238 reseratis
945 3189 1026 3252 portis
1048 3195 1157 3252 accepto
1177 3191 1260 3252 hoste,
1280 3192 1313 3242 ad

248 3267 364 3318 Minoem
376 3267 533 3334 pertulisset,
545 3266 589 3314 ille
602 3266 707 3327 impium
723 3265 822 3316 fucinus
834 3275 977 3329 aversatus,
997 3268 1131 3316 norissima
1141 3281 1199 3318 eum
1209 3270 1314 3333 navigio

247 3347 366 3409 recipere
388 3346 479 3394 noluit.
522 3345 603 3394 Patre
621 3345 719 3408 jamin
739 3360 812 3395 arem
834 3347 1000 3410 piscatorium
1022 3345 1214 3411 transfigurato,
1233 3364 1313 3413 quam

247 3425 335 3473 Graeci
352 3424 489 3473 balioeeton
507 3423 607 3487 dicunt,
626 3437 657 3473 ac
675 3432 850 3490 persequente
860 3424 949 3488 filiam,
965 3427 1008 3476 illa
1019 3441 1119 3492 quoque
1136 3427 1163 3476 in
1182 3426 1314 3478 volucrem

248 3502 320 3552 cirin
332 3499 513 3564 transfigurata
525 3507 573 3550 est.

213 3632 247 3722 J
249 3675 303 3724 AM
318 3658 460 3722 nitidum
474 3660 640 3738 retegente
655 3643 950 3743 diom,'noutisque
963 3660 1095 3743 fugante

214 3761 382 3844 Tempora
396 3757 559 3834 Lucifero,
576 3757 667 3822 uadit
681 3758 811 3838 Eurus3
833 3767 865 3824 et
879 3760 1014 3824 humida
1028 3766 1168 3844 surgunt

245 3935 266 3975 1.
281 3923 449 3986 Lumysroiem
459 3920 579 3986 operiente
590 3923 679 3972 clarem
689 3924 760 3987 dmm,
778 3929 849 3988 utque
859 3925 987 3988 depellente
1005 3929 1110 3990 temporo
1123 3925 1208 3991 sodis,
1225 3927 1312 3978 Ssbso·

670 4049 849 4070 “nouenae

249 4134 261 4178 l
281 4128 351 4180 Olim
363 4130 437 4183 edeb.
453 4136 568 4193 regestu
585 4143 672 4182 omnes
690 4128 746 4182 lere
763 4130 823 4182 libri
836 4137 966 4199 retegente,
981 4139 1009 4185 et
1023 4133 1061 4184 ita
1076 4133 1216 4199 legendum
1225 4133 1312 4186 admo·

505 4245 517 4278 t
