2886 4774
407 333 775 413 unnsuonrnosnou
801 366 872 416 nin.
895 362 967 415 xri.
1146 349 1244 414 “155⁷

141 501 298 569 Arserat:
321 491 575 570 urmumt'Deus
588 505 691 585 idem,¹
703 506 859 591 idemque
875 511 1046 573 oremu'rtt.

140 604 222 670 Jam
235 605 319 669 cinis
333 612 395 683 est,
411 606 580 670 et‘detsm
594 626 714 690 magno
729 614 834 674 restat
851 607 984 672 Achille
1082 684 1086 688 ⁴
1177 607 1243 673 615

140 706 271 772 Nescio
287 707 378 789 quid,
394 726 534 790 parvom
549 707 640 790 qood
655 717 721 772 non¹
735 710 818 800 bene
831 710 1001 791 compleat
1014 724 1141 778 umam.
1232 767 1236 777 .

140 805 190 872 At
204 809 296 884 vivit,
310 813 417 872 totum
432 827 509 891 quae
525 809 632 891 gloria
648 811 813 892 compleat
827 812 953 874 orbem.

134 907 233 974 ‘Hinc
248 909 297 972 illi
310 921 465 972 mensum
477 910 549 974 viro
563 911 755 994 respondet,
773 917 806 976 et
820 911 884 976 hac
898 916 950 976 est

140 1008 211 1073 Per
226 1010 290 1072 sibi
303 1009 437 1072 Pelides
449 1030 458 1089 3
481 1029 542 1074 nec
556 1011 672 1075 inania
685 1011 827 1076 Tartara
840 1013 949 1077 sentit.

139 1109 223 1192 Ipse
238 1111 349 1188 etiam,
363 1098 404 1175 ut
414 1111 511 1193 cujus
524 1110 622 1176 fucrit
636 1131 835 1194 cognoscere
850 1113 978 1194 possis,
1175 1109 1241 1179 620

138 1209 236 1274 Bello
249 1215 360 1274 movet
375 1211 511 1294 clypeus
521 1225 540 1274 :⁴
551 1211 656 1294 deque
671 1212 771 1275 armis
786 1199 877 1276 erma
890 1213 1048 1278 feruntur.

138 1311 222 1374 Non
236 1330 276 1374 ea
289 1311 449 1393 TydideS,
464 1331 528 1375 non
542 1312 646 1377 audet
661 1311 776 1376 Oileos
790 1311 898 1396 Ajax,

137 1410 218 1475 Non
231 1413 335 1488 minor
349 1409 498 1490 Atrides,
511 1432 577 1477 non
590 1434 694 1496 regno
703 1416 810 1499 major
825 1421 859 1480 et
874 1435 948 1482 aevo

136 1511 295 1590 Poscere,
311 1532 377 1576 non
392 1513 468 1576 ulii:
492 1515 558 1576 soli
570 1513 751 1578 Telamone
765 1521 888 1592 creato,
1139 1565 1142 1572 .

136 1611 520 1696 Laertaquefuittantae
536 1613 797 1682 fidnciuluodis.
1173 1617 1239 1684 625

137 1831 243 1895 (ἕνεκα,
254 1834 292 1882 cir
302 1833 359 1884 lello
368 1833 479 1898 insistes,
487 1840 603 1886 eramatns
613 1841 681 1886 erat:
697 1837 758 1886 idern
768 1838 834 1886 Deru
845 1839 919 1888 armis
926 1838 1085 1901 instruxerat,
1095 1844 1165 1902 alpos
1176 1840 1238 1888 idem

134 1902 239 1946 usserat
270 1899 328 1946 dam
348 1898 408 1947 cirris
429 1904 472 1961 est,
489 1905 514 1948 et
529 1902 558 1949 de
575 1905 642 1948 tanto
657 1900 750 1949 Achille
760 1907 863 1962 superest
874 1903 951 1950 nescio
962 1904 1028 1966 quid,
1043 1906 1102 1965 qnod
1118 1899 1240 1952 nonsatis

133 1959 234 2022 impleat
250 1975 348 2024 port-am
370 1977 462 2011 urnam.
494 1963 530 2011 st
547 1965 597 2011 loos
612 1969 741 2026 permonet,
757 1979 809 2026 pse
826 1967 923 2026 impleat
940 1971 1015 2014 tatum
1032 1969 1152 2015 mandem.
1186 1967 1238 2016 Hic

135 2026 219 2075 modus
230 2027 334 2075 sesessit
345 2025 382 2075 illi
390 2028 442 2075 siro
450 2042 461 2084 ,·
477 2031 547 2088 alqtoe
564 2042 590 2075 eo
600 2027 646 2074 sili
662 2032 697 2075 est
710 2027 814 2076 Achilles
822 2028 926 2090 medalu,
936 2043 1008 2090 neque
1018 2030 1128 2089 langitm
1137 2028 1238 2078 exiliores

135 2086 237 2146 luseris.
270 2090 325 2152 lpse
334 2092 406 2140 etiam
415 2091 515 2154 clypeus,
525 2096 552 2139 ut
559 2103 660 2153 pronum
670 2091 705 2140 sit
715 2105 852 2152 cognoscere
863 2091 1023 2153 cojusfnerit,
1036 2092 1083 2140 cist
1099 2089 1237 2154 momina,

134 2156 207 2214 atque
224 2168 290 2203 mmo
303 2153 419 2212 seruntur
439 2169 557 2203 armorum
573 2169 650 2203 causo.
686 2155 787 2218 lljdr'des
809 2170 855 2203 non
869 2156 940 2203 undet
956 2170 983 2203 ea
997 2159 1087 2217 petere,
1106 2169 1153 2203 non
1163 2157 1237 2204 stium

137 2215 230 2278 Oileus,
240 2233 286 2266 non
296 2218 395 2267 Atrides
405 2219 490 2277 mittor,
509 2233 554 2266 non
573 2219 649 2278 maiar
665 2223 737 2267 orare
755 2223 780 2267 et
799 2217 958 2280 bellipert'tio,
968 2233 1015 2266 non
1025 2218 1083 2267 olii:
1099 2233 1151 2280 spes
1161 2223 1236 2266 tantoe

131 2282 220 2352 glories
229 2282 301 2332 movit
310 2281 393 2348 fllium
402 2285 475 2332 solum
486 2281 625 2346 Telamonis,
634 2288 705 2344 mque
715 2283 819 2332 Lairtoe.
855 2283 989 2332 Tantalides
1004 2297 1020 2330 a
1039 2297 1063 2331 ss
1078 2281 1168 2346 depulit
1178 2296 1236 2330 onus

598 2437 774 2458 mm&

132 2531 266 2580 donatiano.
282 2531 403 2580 Mensrd.
416 2535 443 2580 et
454 2529 568 2580 Berolin.
579 2529 650 2580 estid.
670 2530 835 2579 securi—615
853 2530 888 2580 N.
900 2535 957 2580 rest.
974 2529 1153 2580 Achilli-dlii
1170 2529 1233 2581 Om-

133 2610 182 2645 nes
193 2592 249 2644 fers
260 2595 351 2658 scripti
369 2597 440 2644 Nesc.
450 2594 508 2657 qnid
522 2609 631 2658 parsum,
648 2597 716 2656 quod,
734 2597 855 2656 de—dli
873 2595 935 2658 Arg.
955 2597 1016 2657 glor.
1035 2595 1139 2658 possidet
1150 2594 1235 2644 orl.—

134 2663 194 2708 618.
210 2662 260 2708 619
278 2659 308 2707 ln
321 2659 447 2708 nonnullis
458 2660 492 2709 ill.
503 2673 614 2707 mansura
632 2659 676 2706 cir.
694 2659 764 2708 Dein
776 2660 845 2722 vulg.
863 2660 1051 2722 legiturestoeo
1061 2664 1098 2709 est
1116 2660 1166 2708 Par
1177 2659 1234 2722 tili,

134 2723 229 2772 Pelide.
262 2723 313 2772 sed
323 2724 397 2772 multi
411 2728 475 2773 vett.
491 2722 605 2772 Pelides:
621 2723 688 2772 elter
699 2721 798 2772 Erfurt.
811 2730 840 2774 et
850 2731 932 2788 quiunt.
951 2724 1023 2773 Med.
1037 2726 1101 2772 Pars
1109 2724 1155 2773 tili
1165 2725 1231 2774 Peli·

132 2789 196 2844 des;
219 2792 246 2835 et
258 2787 295 2834 Fl.
315 2788 339 2835 S.
359 2787 444 2835 Marci
464 2787 515 2834 Par
538 2787 585 2834 sili
605 2787 714 2844 Pelides,·
737 2802 770 2836 ex
791 2787 882 2851 quibus
900 2787 1017 2849 vestigiis
1035 2788 1128 2836 Heins.
1148 2788 1233 2836 locum

134 2849 331 2900 retinxit—620
348 2850 421 2898 Leid.
442 2851 496 2912 ipse
517 2864 603 2912 umque
622 2855 656 2898 ut.
680 2851 760 2898 Possis
781 2865 814 2899 ex
836 2851 998 2908 melioribus,
1023 2851 1092 2912 vulg.
1112 2864 1233 2912 posses.—

132 2919 183 2964 621
201 2914 310 2963 Plurimi
321 2914 404 2963 codd.
423 2927 510 2976 propm
520 2927 579 2962 arm.
596 2913 663 2961 Dein
682 2913 802 2962 Mensrd.
813 2928 873 2963 arni.
891 2917 1102 2962 moventem-623
1119 2913 1234 2963 Berolin.

128 2978 217 3028 'hebet
226 2974 270 3027 nsc'
286 2993 335 3041 pro
345 2992 391 3036 nos
402 2979 428 3026 in
441 2984 551 3040 utroque
569 2977 636 3024 loco.
655 2976 759 3025 Deinde
770 2977 859 3024 Burm.
881 2978 967 3038 placet
979 2975 1078 3026 Arund.
1097 2977 1232 3027 lectionari

131 3057 208 3105 regno
214 3042 349 3104 mai—624
358 3042 449 3092 Heius.
455 3041 544 3090 mullet
551 3039 608 3088 solis
619 3040 706 3091 Telum.
717 3041 892 3090 creatis—625
905 3039 958 3088 Alii
966 3039 1085 3090 scribunt
1092 3039 1231 3105 meone

627 3195 738 3250 NOTAE

167 3312 216 3359 614
232 3309 311 3372 Deru]
336 3309 478 3371 Vulcanus,
494 3307 603 3372 scilicet,
619 3309 663 3372 qui
704 3309 736 3359 de
747 3308 857 3359 Achillis
868 3310 945 3359 armis
956 3309 1134 3360 contentiones
1142 3317 1214 3362 ortae.

132 3384 251 3443 'l'lretidis
262 3390 354 3448 rogatu
366 3384 460 3434 Achilli
469 3398 541 3434 erma
551 3382 663 3434 fabrice·
734 3389 783 3435 622
802 3385 916 3450 Tydides]
933 3385 1075 3436 Diomedes
1085 3392 1135 3450 est,
1145 3387 1231 3450 Tydei

133 3466 218 3510 verat.
371 3492 375 3498 1
702 3460 779 3524 tilius,
788 3475 853 3510 unns
864 3476 896 3510 ex
908 3462 1008 3512 Grecis
1020 3462 1188 3528 principibus.

166 3540 216 3585 616
233 3535 319 3585 Nescio
329 3534 396 3598 qnid]
424 3535 491 3584 llaeo
508 3541 549 3584 est
561 3549 662 3599 quoque
737 3538 826 3602 Oileos]
847 3538 917 3587 Oilei
925 3539 1065 3588 Locrorum
1072 3539 1142 3602 regis
1153 3539 1230 3590 filius.

133 3624 190 3661 sors
206 3611 322 3671 heroum,
338 3617 367 3658 nt
385 3608 467 3658 brutis
484 3609 537 3659 siut
555 3607 662 3673 stupidi·
735 3617 783 3662 626
817 3613 911 3679 Minor]
950 3615 1095 3678 Menelaos,
1122 3616 1230 3676 scilicet,

132 3700 206 3748 ores3
223 3687 303 3751 quiin
316 3691 390 3734 tanto
400 3685 511 3732 omnium
523 3699 608 3733 rerum
620 3699 672 3758 err·¹
702 3687 779 3737 Atrei
790 3686 866 3738 filius.

133 3771 267 3812 ternarum
296 3761 424 3810 tenuitate
452 3766 480 3810 et
510 3758 663 3824 fragilitate,
734 3760 1231 3827 Maior]Agamemnon,frsterMeoelai.

83 3875 89 3882 .
134 3837 246 3886 animum
257 3837 289 3886 sd
297 3835 446 3885 sublimiora
455 3843 482 3886 et
490 3835 604 3888 firmiore
612 3851 663 3886 non
734 3841 783 3886 624
797 3838 918 3886 Telamone
925 3838 1015 3901 creato]
1026 3836 1110 3902 Ajsci,
1119 3839 1230 3901 scilicet,

134 3919 226 3963 curent
237 3912 367 3961 attollere.
702 3913 746 3975 qui
757 3916 858 3974 petrem
869 3912 961 3963 hebuit
970 3912 1145 3976 Telamonem,
1156 3913 1230 3964 AEoci

166 3989 317 4052 flltGlorio]
330 3989 572 4053 Namqueomnibns
580 4003 662 4054 prope
702 3986 792 4037 tilium.

132 4066 217 4130 po'e'tis
229 4065 344 4117 Achilles
353 4065 514 4116 decantatus.
733 4067 781 4114 625
798 4062 898 4126 mnia]
914 4064 1228 4144 Ulysseslssiirtscrostus

165 4145 212 4192 621
230 4141 302 4190 Bella
313 4139 399 4202 motet]
415 4138 662 4189 Gravissimaeenim
701 4137 761 4190 fuit.
1053 4169 1056 4178 ι

133 4217 203 4266 inter
212 4215 322 4280 AJacem
335 4215 480 4267 Telamonis
500 4221 529 4266 et
544 4216 662 4281 Ulyssem
