2930 4778
422 317 784 371 unrauonnuosnou
809 323 883 376 mn.
907 323 958 374 ιν.
1154 309 1238 386 1081

136 457 275 527 Numen
288 468 380 543 erat;
402 481 607 545 magnasque
620 466 701 529 novi
714 471 889 532 matertera
902 467 991 532 vires
1078 485 1081 490 ·

46 624 49 630 .
135 562 267 628 Narrat
279 565 403 646 ubique
419 563 508 636 Dei:
531 564 573 628 de
588 571 705 648 totque
722 568 890 631 sororibus
903 585 1022 650 expers

136 664 219 728 Una
235 666 360 728 doloris
375 674 457 740 erat,
472 666 537 728 nisi
553 686 651 749 quem
667 667 776 735 fecere
792 687 933 732 sorores.

136 763 278 846 Aspicit
292 765 377 838 hanc
392 765 494 843 natis,
511 767 727 850 thalamoque
741 767 953 838 Athamantis
967 769 1145 836 habentem
1174 769 1242 837 420

137 866 305 930 Sublimes
320 867 463 942 animos,
480 873 515 932 et
528 868 662 932 alumno
675 873 818 948 numine,
834 871 857 936 J
860 891 944 952 un0;

136 967 215 1031 Neo
230 967 324 1032 tulit:
347 975 380 1030 et
395 988 520 1046 secum,
536 969 651 1034 Potuit
665 972 706 1035 de
720 973 839 1056 pellice
853 979 953 1060 natus

134 1067 274 1132 Vertere
290 1068 468 1145 Maeonios,
484 1071 673 1154 pelagoque
687 1073 893 1158 immergere,
908 1083 1042 1155 nautas,

135 1169 181 1234 Et
193 1170 372 1234 laceranda
385 1191 457 1252 suae
473 1173 545 1236 nati
560 1173 640 1239 dare
653 1176 785 1240 viscera
797 1178 908 1256 matri,
1075 1163 1077 1170 ’

133 1273 179 1337 Et
193 1273 345 1363 triplices
360 1275 488 1356 operire
504 1276 603 1340 novis
616 1275 807 1360 Minyeidas
819 1279 902 1342 alis:

135 1375 199 1439 Nil
213 1375 340 1457 poterit
352 1373 375 1438 J
377 1393 457 1456 uno,
474 1377 540 1440 nisi
555 1376 678 1442 inultos
692 1377 772 1442 flere
787 1378 946 1444 dolorest

100 1553 103 1558 Ι
133 1474 247 1559 quue
262 1475 343 1538 mihi
358 1476 442 1558 satis
456 1478 530 1540 estt
553 1478 626 1542 haee
641 1498 707 1541 una
720 1480 872 1562 potentia
880 1485 998 1546 nostra
1013 1483 1088 1547 estt

134 1575 219 1659 Ipse
233 1577 330 1640 docet
344 1576 425 1659 quid
442 1597 558 1660 agam;
581 1577 649 1663 (sas
663 1586 714 1644 est
724 1585 757 1643 et
770 1581 813 1643 ah
828 1580 925 1658 hoste
941 1581 1052 1646 doceri
1061 1579 1088 1666 3)

136 1676 294 1760 Quidque
310 1679 401 1741 furor
416 1680 538 1756 valeat,
551 1679 703 1760 Benthea
714 1680 808 1745 oaede
822 1683 972 1764 satisque

136 1777 191 1842 Ac
206 1799 310 1862 super
325 1781 479 1845 ostendit.
522 1779 593 1856 Cur
607 1801 674 1847 non
688 1769 886 1860 stimuletur,
901 1789 1021 1868 eatque
1169 1785 1237 1852 43⁰

136 1879 204 1944 Per
219 1888 363 1963 cognata
377 1884 447 1946 suis
464 1884 620 1966 exempla
634 1884 799 1950 furoribus
815 1885 904 1949 Inot

134 2081 223 2144 uhiqrre
233 2097 342 2144 mugram
349 2084 479 2146 potentium
489 2084 543 2132 noui
554 2085 618 2140 Dei,-
628 2089 652 2132 et
662 2086 711 2133 mlo
722 2087 751 2134 de
761 2090 796 2134 tot
808 2085 925 2136 sororibus
933 2090 985 2136 erut
993 2098 1148 2134 erumnarum
1154 2099 1239 2148 muru,

133 2147 184 2194 aar
196 2161 253 2208 quor
264 2161 352 2195 sorores
363 2152 507 2197 meaverunt.
540 2150 605 2196 June
611 2149 670 2196 hum
680 2149 744 2198 ridet
753 2151 916 2216 elatumfih'is,
925 2156 949 2199 et
960 2150 1067 2210 conjugio
1075 2149 1238 2210 Athamantis,

135 2214 161 2257 et
171 2210 225 2258 Deo
237 2212 348 2270 atumem
363 2226 404 2261 ree
419 2212 475 2260 tulit
482 2228 493 2270 ,·
511 2217 533 2260 et
545 2227 623 2262 secum
635 2213 709 2273 dixit,
722 2213 797 2262 Ortum
811 2230 841 2262 ee
851 2217 959 2263 adultera
974 2214 1054 2276 potuit
1065 2211 1238 2271 murmurmure

134 2279 223 2322 matur
234 2275 358 2337 Mennim,
368 2281 391 2324 et
408 2277 546 2337 immergere
564 2276 634 2338 muri,
654 2282 678 2324 et
690 2279 784 2325 trudere
803 2278 935 2340 precordia
943 2277 999 2387 flii
1018 2277 1171 2340 discerpenda
1187 2291 1237 2324 suoe

133 2339 260 2400 gaumei,
280 2344 304 2387 et
322 2346 401 2400 tegere
419 2345 469 2388 tree
486 2341 623 2404 Minyeides
640 2341 706 2389 noeis
724 2342 786 2397 alter
812 2341 876 2390 Jurm
892 2341 941 2390 riht
966 2339 1065 2403 poterit,
1084 2339 1131 2388 uisi
1161 2342 1237 2389 lurore

135 2403 223 2450 multus
233 2402 369 2454 erumnas?
399 2404 479 2466 Atque
497 2405 523 2452 td
540 2406 598 2452 mihi
613 2403 738 2454 reticeat?
753 2406 803 2453 hoee
818 2411 852 2453 est
864 2407 913 2454 solu
930 2410 1009 2453 nostru
1025 2403 1144 2467 potentia.
1182 2404 1236 2466 lpre

134 2467 215 2514 mmet
226 2466 282 2528 quid
294 2466 401 2525 fecium·
417 2469 473 2516 licet
489 2469 559 2516 etium
577 2470 655 2517 doceri
670 2470 699 2516 uh
718 2469 796 2518 horte:
813 2474 837 2518 et
855 2470 915 2518 rutis
934 2483 1045 2532 mperque
1056 2473 1171 2517 rmrstrut
1181 2482 1238 2518 rrece

135 2529 240 2579 Penthei
251 2532 307 2592 quid
320 2531 392 2591 furor
406 2533 490 2595 poerit.
527 2533 682 2588 Quamobrem
693 2534 737 2581 Iao
753 2549 799 2583 ror
813 2534 964 2597 percellatur,
982 2537 1055 2582 rtem
1068 2547 1112 2596 per
1130 2533 1238 2596 exemplo

134 2761 178 2808 pro
188 2746 349 2810 sylvia-415
366 2746 428 2797 Jun.
440 2749 555 2806 uehunt,-
572 2749 614 2796 alii
627 2753 795 2800 terrent-dli
807 2749 921 2799 Berolin.
935 2751 1025 2799 Nomen
1035 2752 1177 2798 erut-418
1187 2745 1238 2798 Ar·

136 2811 328 2872 gentorutensis
347 2816 406 2873 totq.
423 2813 627 2861 doloribus-421
644 2812 760 2862 Sublimes
778 2816 853 2862 omum
869 2814 1000 2864 sexdecim
1011 2814 1141 2862 Heins.et
1155 2810 1237 2861 Codd.

136 2875 239 2922 Raram.
248 2875 347 2940 ,ommno
368 2876 407 2923 Fl.
419 2876 444 2924 S,
457 2877 552 2938 Marci,
560 2883 588 2926 et
600 2891 639 2940 pr.
650 2878 682 2925 V.
698 2878 927 2928 aldelmum—422
944 2878 1016 2927 Leid.
1026 2885 1053 2926 et
1066 2877 1129 2924 alius
1142 2876 1237 2925 Poterit

136 2939 165 2985 de
173 2937 348 2999 pellica—426
365 2938 396 2986 ln
408 2939 561 3001 quibusdam
571 2939 618 2989 uisi
628 2939 726 3000 multem
744 2942 818 2991 Leid.
831 2947 904 2990 arctos.
921 2942 955 2990 N.
974 2942 1050 2989 etiam
1062 2941 1130 3000 ferre
1140 2941 1238 2988 morer.

136 3006 217 3050 -427
234 2997 355 3050 Malebat
366 3003 456 3052 Heius.
468 3004 543 3059 lduer
560 3011 588 3053 et
602 3016 661 3050 mox
681 3019 714 3051 ex
732 3006 797 3053 Mus.
818 3007 918 3051 Bersm.
942 3003 1049 3064 potentio
1066 3003 1141 3050 nostri
1158 3008 1237 3050 ert.-

137 3068 184 3114 mr
203 3065 333 3115 Furorr'bus
348 3067 475 3131 meliores,
494 3072 561 3117 teste
580 3067 670 3116 Heius:
687 3067 732 3115 alii
748 3067 956 3116 sororibus-432
973 3067 1050 3114 Cant.
1073 3065 1112 3113 m'u
1130 3064 1238 3117 decliuis·

638 3209 744 3260 NO'I'AE

169 3327 218 3380 417
235 3323 381 3387 Matertera]
399 3324 455 3386 luo,
465 3338 537 3374 soror
547 3324 668 3387 Semelen,
710 3325 756 3374 bus
766 3340 853 3389 snpra,
868 3323 912 3388 qui
929 3337 944 3372 a
954 3322 1067 3373 Maenia
1077 3319 1148 3372 Asia
1158 3321 1239 3374 mino·

139 3400 239 3450 Bacchi
249 3400 350 3460 nutrix,
368 3401 438 3465 quod
451 3415 485 3450 ex
503 3401 669 3465 sequentihus
709 3390 743 3450 ris
754 3401 886 3464 provincia
896 3405 969 3449 erent
980 3398 1091 3448 oriundi.

137 3480 259 3540 apparet.
429 3494 432 3502 ¹
739 3481 789 3526 424
806 3476 880 3539 Noti]
896 3477 936 3525 De
948 3491 998 3540 quo
1007 3475 1062 3538 jam
1074 3489 1160 3538 sape:
1177 3488 1236 3525 nam

169 3555 220 3599 418
247 3551 340 3614 Expers
360 3550 418 3612 unu]
446 3549 550 3612 Quippe
567 3551 669 3600 Semele
710 3553 742 3602 de
759 3553 876 3601 Pentheo
896 3560 1011 3601 amatre
1026 3551 1139 3600 lacerato
1156 3550 1238 3615 luqui-

138 3625 398 3684 extineta,Antonoe
414 3624 496 3674 tilium
517 3615 669 3673 Actaeonem
710 3634 761 3676 tur.
1100 3627 1107 3636 “

139 3703 166 3751 in
186 3715 291 3751 cervum
312 3707 441 3750 mutatum
461 3699 570 3762 viderat,
587 3697 668 3747 filium
740 3705 788 3750 428
804 3702 869 3762 lpse]
885 3703 1011 3763 Bacchus,
1021 3701 1131 3750 seilicet.
1188 3691 1191 3698 ⁴

140 3778 258 3827 Penthea
269 3777 359 3838 Agave
370 3777 553 3840 discerpserat.
740 3779 788 3825 430
818 3777 868 3824 Cur
889 3791 935 3825 noa
959 3777 1102 3838 stimuletur]
1129 3772 1237 3824 Habent

171 3857 220 3903 420
229 3852 393 3916 Athamantis]
404 3841 594 3899 FuirAtham'ar
602 3848 669 3898 AEoli
709 3851 827 3916 profecto
843 3852 870 3901 hi
888 3866 976 3900 versus
992 3864 1112 3913 magnum
1122 3848 1237 3922 dolorem

137 3927 214 3990 filins,
229 3944 276 3978 rex
286 3929 443 3977 Thebarum.
708 3934 736 3976 et
747 3941 863 3989 magnam
874 3926 1084 3988 indignationem.

170 4009 220 4054 422
245 4002 337 4065 Natus]
355 4002 483 4066 Bacchus,
501 4000 616 4051 Semeles
635 4013 669 4048 ex
740 4006 786 4052 431
814 4001 934 4063 Cognato]
955 4000 1011 4049 Illir
1027 3995 1129 4061 similia,
1145 3998 1236 4063 quihus

137 4082 205 4133 Jove
215 4079 292 4129 filins.
708 4084 836 4139 correpte
847 4082 874 4125 et
884 4077 932 4126 luo
943 4081 970 4126 et
983 4073 1073 4138 Agave
1090 4075 1237 4128 Pentheum

169 4159 219 4206 423
236 4153 367 4218 Mennim]
386 4154 543 4219 Tyrrhenos,
562 4151 595 4204 de
614 4151 669 4219 qui·
706 4150 879 4204 laniaverunt.
