2866 4772
353 986 410 1071 P.
456 979 731 1071 OVIDII
783 969 1150 1064 NASONIS

108 1333 168 1427 '·
276 1343 1226 1482 METAMORPHOSEON

582 1711 781 1790 LIBER
821 1709 920 1784 XII.

563 2033 927 2074 Ἣ

200 2319 290 2386 Fen.
305 2319 334 2384 I.
349 2327 383 2386 et
398 2318 448 2385 II.
494 2318 634 2402 Serpens
646 2316 681 2380 in
696 2315 870 2400 Lapidem.
907 2288 1299 2397 IphigeniainGervam.

198 2497 395 2566 Aetnenses,
407 2501 483 2551 Atrei
502 2508 530 2550 et
546 2501 656 2564 AEropes
672 2500 749 2562 lilius,
765 2501 818 2550 dux
829 2498 994 2561 Achivorum,
1005 2511 1064 2546 cnm
1081 2495 1108 2544 iu
1118 2493 1216 2548 Aulide
1226 2494 1301 2546 Jovis

232 2595 306 2630 sacru
323 2582 487 2642 ministraret,
506 2580 643 2642 conspexit
662 2580 800 2630 draconem
818 2581 843 2632 iu
861 2579 962 2642 arbore,
980 2591 1037 2644 qnae
1054 2576 1222 2640 impendebat
1239 2590 1302 2638 arae,

230 2660 330 2722 lapsum
343 2659 376 2708 atl
389 2660 475 2708 nidum
485 2659 612 2707 volucris:
631 2659 704 2722 cnjus
713 2666 773 2708 octo
784 2660 861 2723 pollis
871 2659 1010 2708 consumtis
1022 2656 1155 2706 abeodem
1165 2663 1300 2719 serpente,

230 2737 367 2792 novissime
379 2738 456 2787 etlam
468 2738 668 2786 circumvolante
679 2743 762 2785 uretre
779 2738 873 2801 aquila,
883 2739 939 2801 ipse
951 2751 1090 2788 conversus
1109 2737 1136 2783 in
1148 2750 1237 2784 saxum
1250 2741 1300 2786 est.

231 2819 345 2871 Quorum
358 2818 474 2882 prodigio
487 2817 596 2866 Calchas
607 2817 738 2866 Thestoris
759 2817 826 2866 lilins
847 2819 989 2881 respondit,
1007 2831 1156 2880 pernoram
1176 2831 1256 2864 annos
1272 2816 1299 2864 in

228 2899 354 2948 Troadem
367 2898 547 2948 dimicaturos:
567 2896 667 2945 decimo
679 2902 764 2946 antem
776 2896 825 2946 llio
835 2897 973 2960 potituros.
1006 2897 1101 2945 Fertur
1112 2903 1198 2944 antem
1210 2901 1300 2957 portur

231 2979 340 3028 Baeotiae
352 2979 394 3028 hic
407 2993 472 3040 esse,
481 2979 525 3026 ubi
538 2978 607 3026 mille
618 2991 697 3026 naves
709 2977 822 3027 adversis
834 2977 1030 3040 tempestatibus
1042 2977 1183 3025 stetissent.
1196 2976 1300 3024 Morun-

230 3058 301 3108 tibns
312 3059 379 3108 enim
398 3058 514 3120 Achivis,
525 3057 697 3122 respondetur
708 3074 723 3107 a
735 3059 888 3118 Calchante,
900 3071 949 3106 non
967 3063 1033 3110 ante,
1043 3058 1136 3105 classes
1153 3070 1229 3118 posse
1245 3071 1299 3106 rno-

194 3193 205 3211 Ρ
230 3139 381 3202 veri,quam
398 3139 558 3202 Iphigeniam
570 3145 645 3201 pater
663 3139 829 3189 immolasset.
862 3139 928 3190 Qum
946 3139 1063 3200 cumpro
1074 3151 1101 3184 re
1118 3137 1248 3186 communi
1265 3139 1298 3187 ad

230 3234 301 3268 aram
313 3227 380 3268 esset
390 3221 531 3283 applicata,
549 3220 617 3268 inter
633 3219 828 3284 sacrificandum
840 3217 957 3268 obductis
967 3216 1078 3266 nubibus
1093 3218 1205 3266 aDiuna
1221 3225 1299 3282 rapta

232 3308 282 3362 est,
291 3306 319 3349 et
331 3315 378 3363 pro
389 3314 421 3348 ea
432 3300 567 3363 supposita
577 3314 664 3350 cerva.

202 3441 385 3531 Nasonis
401 3469 558 3531 assumtis
573 3468 727 3532 Priamus
742 3474 833 3552 pater
847 3469 997 3532 AEsacon
1009 3470 1073 3532 alis

199 3567 336 3646 Vivere,
351 3568 502 3650 lugebat:
525 3569 650 3633 tumulo
666 3589 800 3651 quoque
816 3589 934 3634 nomen
947 3571 1084 3634 habenti

231 3761 250 3796 t.
269 3703 381 3796 Priamus
391 3746 502 3809 ignorans
513 3749 613 3798 AEsueon
623 3749 674 3798 nitu
680 3746 736 3809 frui
747 3750 900 3814 albicantis,
912 3749 1037 3800 merebat.-
1056 3749 1146 3801 Hector
1153 3751 1226 3800 etium
1233 3767 1296 3815 prse-

233 3970 245 4012 l
262 3965 354 4016 Heius.
367 3967 434 4030 conj.
454 3968 556 4018 Nesaut
566 3966 658 4017 sumtu.
692 3967 816 4018 Vivianns
828 3971 904 4017 notat
919 3967 943 4016 in
959 3966 1109 4030 quibusdem
1129 3941 1181 4030 legi
1195 3983 1295 4032 pteram

692 4107 796 4159 NOTAE

295 4218 311 4262 2
331 4215 438 4279 ranan]
459 4219 629 4285 Cenotepbio,
644 4220 671 4270 in
682 4235 733 4286 quo
743 4221 829 4272 AEsuci
840 4235 933 4274 nomeu
944 4221 999 4275 sine
1011 4229 1196 4289 corporearum.
