2886 4774
416 301 772 352 nunnuonrmosnou
799 304 871 352 uin.
895 305 983 352 xrn.
1163 287 1253 360 lotz

151 443 322 508 Oceanum
336 444 533 528 Tethynque
547 453 671 528 rogant.
715 446 787 528 Ego
801 449 926 512 lustror
939 448 983 512 ab
997 447 1084 514 illis:
1122 456 1126 462 '

150 544 194 609 Et
206 553 368 628 purgante
381 547 473 612 reses
484 550 600 612 novies
614 549 696 612 mihi
711 552 856 614 carmine
869 551 961 614 dicto

149 645 294 712 Pectora
308 650 500 714 fluminibus
511 652 631 734 jubeor
644 670 830 734 supponere
846 651 990 718 centum.

149 747 225 812 Nec
242 771 354 815 mora:
377 751 517 816 diversis
531 755 617 838 lapsi
631 755 672 818 de
688 755 838 818 sontibus
854 773 981 832 amneS,
1079 783 1081 792 r

148 846 304 934 Totaque
319 860 490 918 vertuntur
505 875 605 938 supra
621 863 722 938 caput
738 873 872 940 aequora
886 861 1045 924 nostrum.

149 950 328 1016 Hactenus
344 961 423 1020 acta
435 957 494 1020 tibi
508 977 645 1039 possum
660 958 874 1022 memoranda
892 957 1032 1022 referre:

148 1051 371 1122 Hactenus'et
385 1059 534 1122 memini:
558 1079 620 1122 nec
636 1078 729 1122 mens
743 1079 818 1123 mea
833 1066 944 1122 cetera
959 1059 1077 1124 sensit.

149 1152 237 1232 Quae
253 1163 430 1240 postquam
445 1160 561 1240 rediit;
586 1161 687 1224 alium
703 1180 755 1224 me
771 1180 909 1244 corpore
925 1166 1008 1240 toto,

147 1254 201 1320 Ac
216 1257 340 1322 sueram
353 1279 471 1342 nuper,
486 1281 548 1324 uec
566 1261 709 1325 eundem
723 1269 845 1339 mente,
859 1263 983 1344 recepi.

147 1356 250 1430 Hanc
266 1379 328 1441 ego
344 1371 413 1424 tum
429 1364 569 1445 primum
582 1365 723 1428 viridem
740 1364 899 1446 ferrugine
912 1365 1060 1446 borbum,
1181 1361 1246 1428 960

147 1458 400 1552 Caesariemque
414 1482 532 1541 meam,
548 1485 646 1546 quam
661 1466 760 1546 longa
774 1485 834 1548 per
849 1451 984 1549 aequora
997 1457 1102 1542 verro,

147 1558 366 1648 Ingentesque
383 1565 548 1648 humeros,
565 1573 598 1628 et
612 1568 738 1630 coeruta
752 1567 888 1631 brachia
902 1568 984 1646 vidi,
1079 1601 1080 1606 κ

146 1659 316 1746 Cruraque
328 1666 499 1748 pinnigero
515 1674 655 1730 curvata
669 1669 855 1732 novissima
869 1669 975 1752 pisce.

147 1762 239 1840 Quid
252 1771 363 1852 tamen
378 1766 452 1830 haec
469 1768 608 1850 species
626 1769 704 1850 quid
721 1769 784 1834 Dis
799 1770 969 1853 placuisse
984 1771 1133 1847 mariniS,

147 1863 238 1942 Quid
250 1865 347 1949 juvat
359 1887 432 1930 esse
449 1868 573 1946 Deum,
590 1869 665 1932 situ
679 1889 745 1932 uon
759 1873 904 1952 tangeris
918 1872 1019 1934 istist
1180 1871 1247 1936 965

144 2069 215 2128 utque
228 2065 312 2125 jubeor
321 2067 459 2117 submittere
468 2073 562 2130 pectora
572 2073 663 2116 ccutum
672 2069 768 2132 fluviis,
787 2068 888 2117 carmine
904 2081 966 2116 cmc
981 2068 1060 2115 novics
1073 2067 1165 2128 prototo
1186 2071 1247 2131 quud

145 2131 205 2178 delet
216 2129 291 2188 ussus.
325 2132 360 2180 Et
370 2133 421 2181 siric
439 2133 560 2189 dilutione,
571 2132 755 2196 fluuiiflueutes
770 2148 801 2180 ex
819 2132 919 2180 diuersis
933 2130 1124 2192 scaturiginibus,
1136 2135 1158 2178 ct
1171 2136 1246 2180 totum

145 2208 211 2241 mure
230 2195 334 2242 excurrit
349 2211 419 2258 supra
440 2203 508 2259 caput
529 2203 641 2244 austrum.
676 2197 800 2245 Hactenus
817 2197 861 2244 tibi
877 2210 970 2258 possum
988 2194 1159 2250 uurruresuctu
1171 2195 1262 2254 dignu·

145 2261 266 2316 uremuriu,
278 2259 389 2308 buctcuus
406 2276 493 2324 quoque
507 2263 634 2308 recordor:
656 2275 728 2322 neque
748 2262 839 2309 unimus
860 2275 923 2309 meus
940 2259 1045 2308 aduertit
1064 2259 1162 2321 reliquo.
1197 2259 1247 2314 Qui

142 2323 273 2384 postquum'
285 2325 366 2385 rediit,
387 2325 496 2385 rccottcgi
516 2339 552 2372 me
569 2329 619 2372 toto
638 2339 732 2386 corpore
746 2325 817 2374 utinm
828 2323 958 2382 assuerum
973 2323 1055 2386 riupcr,
1066 2337 1138 2389 neque
1149 2325 1247 2371 mudum

144 2387 248 2446 ingenio.
284 2389 336 2448 Ego
345 2394 395 2435 tum
404 2389 507 2450 primum
517 2389 620 2450 spectaui
627 2391 736 2449 glomum
746 2389 806 2436 bunc
817 2389 911 2437 burbom
921 2394 990 2449 utque
998 2387 1142 2447 subnigram,
1153 2392 1176 2434 ct
1184 2401 1247 2434 meos

144 2449 248 2511 cuptdm,
266 2466 321 2513 quos
332 2451 400 2499 trabs
411 2468 454 2514 per
464 2458 532 2500 oustu
552 2453 636 2510 mortu,
653 2459 675 2500 et
695 2467 793 2513 mugnus
807 2453 921 2511 humeros,
941 2457 965 2499 ct
983 2452 1206 2510 incertoscoerulcos,
1222 2455 1246 2498 ct

143 2517 213 2576 pedes
223 2516 304 2562 ultimo
313 2517 417 2578 sinuatos
428 2518 453 2564 in
464 2517 549 2578 piscem
560 2515 714 2578 pinnit‘erum.
748 2517 814 2571 Quid
831 2521 909 2564 tunrcu
919 2517 1014 2577 prodest
1030 2514 1174 2575 boeeformu,
1190 2516 1247 2575 quid

144 2583 242 2638 gratum
257 2578 337 2637 fuisse
357 2581 417 2629 Diis
439 2580 546 2640 russinis,
567 2581 623 2642 quid
645 2595 693 2629 esse
715 2581 803 2641 Deum,
818 2581 839 2628 si
856 2585 882 2628 tu
894 2595 940 2627 uun
954 2578 1135 2630 moucrisistr's?
1167 2577 1246 2642 &utic

610 2715 785 2734 om

146 2810 238 2868 ceptum
248 2807 453 2854 κοῶ-952333.
465 2821 537 2854 curm.
555 2807 702 2856 lectu-95⁴1
719 2805 842 2866 Quidam,
857 2804 1106 2854 demolitus—956.
1122 2809 1170 2853 957
1189 2805 1244 2854 Hos

147 2869 350 2929 moveremur
370 2869 444 2918 valde
463 2869 571 2932 frigidos
591 2877 618 2919 et
632 2871 744 2932 jejunos,
763 2870 891 2918 tollendos
909 2883 965 2916 esre
981 2867 1102 2930 opinatur
1120 2868 1246 2917 Heins.et

145 2947 205 2980 mox
225 2933 298 2994 tegit,
319 2934 396 2993 thue
416 2933 508 2982 unimus
525 2935 607 2994 rediit,
618 2941 672 2994 aut,
692 2935 762 2996 Mox,
773 2933 812 2981 ubi
823 2947 888 2980 mens
897 2932 977 2980 rediit.
1011 2931 1144 2994 Improbat
1155 2933 1244 2981 Burin.

146 2996 233 3056 Multi,
253 3011 314 3058 poss.
333 2997 442 3046 mirando
461 2997 627 3053 reform—958
645 2997 675 3046 In
695 2998 781 3046 moitis
803 2997 874 3048 tibris
900 2999 997 3044 redeunt
1015 3011 1062 3058 pro
1081 2995 1244 3045 rediit—959

146 3060 218 3110 Unus
231 3059 330 3110 Ciofan.
349 3068 376 3110 et
394 3061 445 3110 dno
460 3062 492 3110 V.
511 3062 588 3115 Quum
599 3061 748 3121 fusa-960
769 3061 874 3110 Viridem
894 3075 940 3122 pro
958 3060 1030 3108 uiridi
1049 3060 1159 3108 emuttis
1171 3059 1246 3108 dedit

144 3123 235 3174 Heius.
255 3125 299 3188 qui
323 3127 400 3175 etiam
412 3126 439 3173 in
458 3125 586 3189 principio
606 3125 678 3174 malit
700 3126 754 3174 Huc
773 3140 819 3188 pro
832 3125 993 3174 Hunc—965
1011 3125 1083 3172 Unus
1096 3123 1244 3172 Hetnuuou

139 3187 265 3250 frangeris
275 3188 336 3239 istis.

638 3337 745 3389 NOTAE

176 3453 224 3498 951
245 3447 350 3512 Tethyn]
383 3450 449 3499 Quae
468 3463 533 3498 uxor
564 3448 673 3509 Oceani,
715 3456 798 3497 terum
816 3446 984 3508 Palaephatus
1003 3445 1036 3494 ad
1055 3443 1245 3497 historiam‘re.

146 3525 211 3574 Coeti
223 3530 250 3572 et
267 3526 355 3573 Terrae
369 3523 432 3586 titio,
443 3537 604 3588 nequaqnam
616 3538 673 3572 cum
715 3521 767 3571 t'ert
776 3522 910 3586 cujusdam
919 3522 1054 3584 piscatoris
1062 3523 1168 3572 natandi
1176 3525 1244 3586 peri-

144 3600 253 3649 Thetide
264 3600 344 3650 Nerei
355 3599 546 3649 contundenda.
715 3599 816 3661 tissimi,
827 3613 902 3662 qnam
914 3599 962 3646 buc
983 3599 1107 3661 prolixius
1124 3599 1244 3649 transcri-

178 3677 227 3724 952
251 3675 336 3737 Nesus]
371 3674 558 3738 Quodcumque
580 3689 612 3723 ex
630 3676 674 3724 hu·
714 3673 1129 3734 beresupervacuneumridetur.

145 3765 221 3800 manu
232 3751 290 3800 tabe
308 3749 464 3812 profectum,
474 3750 593 3811 impietas
611 3764 674 3811 prae·
746 3752 794 3796 963
813 3746 931 3807 Curuutu]
966 3747 1092 3795 Nimirum
1119 3761 1196 3798 curve
1216 3755 1244 3798 et

132 3827 242 3877 ¹sertim.
276 3828 333 3878 Qus
353 3824 441 3874 fabula
459 3839 536 3888 puros
555 3840 610 3873 esse
630 3825 673 3873 de·
716 3823 836 3887 plicatitis
849 3829 888 3870 est
901 3821 976 3882 piscis
988 3822 1078 3873 rorida.

145 3903 208 3953 bere
224 3903 268 3966 qui
280 3917 338 3951 cunr
350 3904 409 3950 Deo
424 3901 510 3950 vivere
523 3901 619 3959 volunt,
637 3907 673 3948 st·
746 3905 794 3950 964
810 3899 916 3962 Species]
928 3901 1016 3963 anue
1028 3901 1142 3964 egregia,
1152 3902 1242 3952 siDiis
1266 3942 1273 3948 .

146 3994 195 4044 que
218 3980 322 4040 insuper
346 3977 461 4026 minimos
486 3982 567 4025 etex
585 3976 673 4024 humili
714 3978 809 4041 placer.
829 3978 924 4024 Verum
936 3977 974 4024 ita
985 3977 1092 4040 quisque
1109 3991 1243 4040 propemo-

146 4053 220 4117 plebe
232 4053 348 4102 detectos
358 4052 395 4100 nn
408 4060 529 4114 acceptos
545 4065 611 4111 esse,
621 4065 673 4098 mo·
698 4053 774 4100 ,dnm
793 4051 842 4098 sibi
871 4049 974 4112 placet:
1003 4050 1041 4100 illi
1067 4051 1176 4102 maxime
1198 4055 1242 4118 qui

146 4128 180 4178 do
192 4128 243 4178 siut
255 4128 299 4193 pii,
308 4128 390 4192 quiuis
400 4125 477 4178 facite
489 4127 602 4190 colligat.
626 4127 673 4176 Ce·
713 4125 823 4176 maxime
834 4124 912 4176 bruti.
