2838 4774
75 2373 78 2390 ι
123 2333 125 2338 ¹
197 2335 297 2398 mimi

199 319 287 388 1392
494 375 496 380 .
567 333 601 384 r.
624 331 746 382 ovrmr
767 327 933 381 ussurus
1003 341 1007 348 v

200 477 258 554 Et,
271 477 302 542 si
316 477 483 562 rejiceret,
498 477 596 560 potui
609 477 769 541 moritura
783 475 900 540 videri.

201 577 324 644 Omnia
335 579 505 656 fecissem,
520 597 662 662 quorum
678 579 709 642 si
725 577 983 659 singulariorum

202 681 354 747 Flectere
367 698 433 744 nou
448 686 612 763 poterent,
626 682 812 764 potuissent
825 679 950 756 omnia,
965 685 1118 746 ruentem.

203 783 363 851 Forsitan
379 788 412 845 et
423 781 520 845 missi
533 783 577 846 sit
589 780 744 866 queedam
759 779 862 862 culpe
876 779 1030 846 ministri.
1144 847 1146 851 ,

201 884 238 950 N
240 904 284 949 on
297 883 381 948 adiit
393 888 490 964 epte:
512 867 578 947 non
590 882 670 964 legit
684 874 816 959 idoneo,
831 881 942 959 oredo,
1235 881 1307 950 610

200 985 389 1069 Tempora:
410 1003 472 1048 nee
486 985 585 1068 petiit
595 984 773 1066 horamque
788 982 999 1066 animumque
1013 989 1203 1048 vacentem.
1230 1019 1232 1026 ·

202 1085 291 1152 Haeo
304 1105 447 1150 nocuere
459 1085 550 1150 mihi.
595 1083 717 1166 Neque
730 1084 817 1148 enirn
831 1083 873 1146 de
885 1082 1003 1165 tigride
1018 1090 1135 1164 netus3

201 1186 238 1252 N
239 1206 279 1252 ee
291 1186 415 1268 rigidas
429 1187 552 1264 silices,
567 1185 752 1251 solidumve
766 1186 801 1250 in
814 1190 950 1268 pectore
963 1184 1095 1264 ferrum,

196 1286 272 1352 =Arit
286 1286 463 1351 adornante
477 1288 570 1369 gerit,
585 1305 646 1350 neo
661 1286 716 1351 isc
730 1286 818 1350 bibit
831 1286 886 1350 ille
899 1285 1027 1351 ieaeuee.

202 1388 375 1454 Vincetur.
419 1387 633 1472 Repetendus
649 1387 732 1452 erit:
754 1405 814 1450 nee
828 1385 932 1450 tuedia
943 1389 1051 1470 coepti
1109 1415 1124 1428 ··
1235 1384 1312 1456 ols-

202 1487 285 1555 Ulle
295 1491 363 1554 mei
377 1491 531 1572 cepiam3
554 1489 633 1553 dum
649 1487 790 1571 spiritus
804 1488 869 1550 iste
883 1487 1035 1552 manebit.
1082 1497 1085 1504 '

203 1591 294 1656 Nam
308 1593 451 1674 primum
471 1590 518 1676 (si
530 1591 619 1656 sueta
632 1589 713 1654 mibi
724 1606 883 1652 revocure
898 1584 1031 1668 liceret)

203 1691 284 1758 Non
297 1691 440 1776 coepisse
454 1691 535 1756 suit:
559 1695 672 1774 coepte
686 1707 889 1772 expugnare,
903 1687 1081 1752 secundnm
1097 1697 1158 1754 est.

202 1887 276 1936 edom
284 1901 294 1943 ,·
311 1891 343 1949 et,
359 1886 524 1949 streperem,
543 1887 611 1950 potui
629 1888 706 1936 uideri
716 1892 815 1944 mortem
825 1885 928 1936 obitura.
964 1885 1051 1936 Omnia
1062 1886 1189 1946 jecissent:
1204 1903 1304 1951 quorun

201 1952 224 1999 si
233 1951 328 2012 simle
337 1965 383 1999 seu
398 1955 507 2015 puteum
519 1952 610 2001 mollire
627 1949 733 2015 asper-uin
751 1951 864 2006 usinum,
883 1949 960 1998 omniu
967 1950 1106 2013 poteioeert.
1138 1951 1211 2001 Ferte
1222 1957 1245 2000 et
1257 1953 1305 2001 ‹rti-

202 2014 528 2078 qeodeitpeoeoturusumii
544 2015 618 2064 musi.
652 2016 708 2064 Nou
722 2014 819 2064 necessit
836 2019 979 2077 opportuna
995 2016 1062 2062 erede
1072 2015 1232 2078 suediepait
1244 2021 1305 2065 tem·

201 2093 260 2141 pera
269 2083 344 2142 opto:
360 2093 432 2142 sepse
439 2078 512 2142 petiit
529 2080 610 2128 terum
620 2084 644 2128 et
654 2079 759 2128 menum
768 2093 872 2128 uacuus.
906 2079 958 2128 leto
977 2077 1035 2126 miii
1053 2078 1185 2138 obfuerunt.
1218 2081 1305 2143 Neque

202 2142 264 2192 euin
274 2143 314 2192 iile
323 2147 389 2192 ortos
399 2157 429 2192 ee
438 2143 537 2204 tigride,
555 2158 628 2206 seque
637 2143 706 2192 tutet
717 2145 776 2192 duro
786 2157 855 2201 suso,
873 2147 915 2190 une
919 2140 1015 2201 surum
1024 2141 1128 2202 mfflduur
1139 2149 1181 2192 uret
1189 2145 1305 2192 udum·

201 2212 249 2256 tem
259 2207 286 2256 iu
295 2212 403 2269 pectore:
418 2208 571 2269 sequemet!
589 2209 626 2256 lue
641 2208 730 2256 em.
763 2207 891 2261 flectam·
923 2206 1073 2268 Repetendus
1083 2208 1139 2256 erit.
1172 2209 1255 2270 Neque
1265 2223 1304 2256 rue

202 2270 298 2322 tdebit
386 2285 409 2318 ur
419 2271 465 2320 etei
475 2271 578 2333 inempti,
593 2273 647 2320 duur
659 2272 737 2319 ouimu
752 2271 799 2320 isto
810 2269 931 2332 supererit.
965 2270 1029 2318 Num
1036 2271 1139 2331 primum
1144 2269 1198 2330 seit
1208 2287 1255 2320 uon
1264 2272 1303 2320 irr-

309 2286 447 2394 Ἕιωιί
457 2335 516 2384 miti
525 2349 632 2384 revocure
636 2333 710 2394 futu:
725 2336 826 2384 alterum
835 2339 870 2383 est
881 2333 996 2383 obedum
1006 2333 1149 2384 institutum.
1183 2336 1303 2399 Namque,

661 2475 839 2496 OWMON

203 2578 251 2624 606
268 2575 300 2623 Iu
311 2574 425 2625 Berotin.
441 2574 483 2624 hie
493 2589 531 2624 vs.
550 2580 611 2624 aute
632 2574 824 2636 precedentem
842 2573 988 2622 exhibetur.
1007 2574 1080 2624 Unus
1093 2576 1124 2624 R.
1143 2576 1165 2624 si
1174 2574 1304 2637 reficeret,¹

203 2639 263 2688 Juu.
274 2643 483 2699 respuam-ube
499 2641 572 2688 Unus
585 2637 676 2687 Heius.
688 2645 715 2686 et
733 2650 798 2685 uuus
815 2636 847 2686 Α.
859 2651 916 2686 cum
928 2637 993 2687 cod.
1009 2638 1110 2688 Bersru.
1120 2645 1169 2702 put.
1189 2645 1304 2705 poteraut

203 2707 281 2749 tumes
299 2705 441 2750 oms-olo
458 2703 499 2750 Ex
518 2702 665 2751 melioribus
676 2700 767 2750 Heius.
778 2699 851 2750 dedit
862 2715 907 2756 sou
917 2702 963 2763 leg.
977 2702 1047 2760 vulp.
1059 2708 1188 2754 neu—dil
1206 2705 1302 2755 Heius.

203 2764 280 2814 etiem
295 2765 367 2813 rusiit
376 2780 423 2813 neu
437 2770 486 2828 pet.
498 2773 525 2820 et
544 2779 604 2814 mox
615 2770 724 2814 meantes
740 2778 787 2827 pro
804 2769 1014 2814 sumntum-612
1030 2765 1062 2814 ln
1075 2773 1139 2817 vett.
1149 2783 1201 2830 sep.
1216 2783 1253 2818 ert.
1266 2775 1303 2818 est

202 2831 231 2878 de
241 2829 380 2890 regu-olo
398 2829 503 2891 Rigidus
513 2829 587 2878 dedit
597 2828 695 2878 Heius.
706 2843 738 2877 ex
755 2827 890 2877 duodecim
901 2829 1123 2892 praestantioribus
1133 2847 1141 2890 3
1158 2834 1228 2893 vulg.
1239 2835 1303 2896 rigi·

202 2895 259 2942 dos:
276 2891 404 2956 Spirensis
418 2893 500 2954 rigido
514 2894 589 2943 silice.
605 2892 708 2942 Deinde
729 2892 844 2941 Beroliu.
861 2900 888 2940 et
899 2892 1019 2942 Heideib.
1031 2894 1056 2942 iu
1066 2901 1249 2958 corpore-616
1267 2899 1302 2948 R.

203 2957 314 3006 Urbinas
326 2964 353 3007 et
371 2973 410 3020 pr.
428 2957 485 3007 Pul.
504 2958 594 3018 legunt
614 2963 712 3006 mutatu
728 2956 911 3005 distinetione:
930 2958 981 3006 Nee
997 2959 1070 3006 tedio
1088 2959 1159 3020 erepti
1172 2959 1227 3009 Uliu
1237 2963 1302 3012 ruet:

202 3021 293 3084 πρίω
304 3023 368 3082 duro,
378 3024 419 3084 ipe.
430 3021 465 3070 N.
478 3029 506 3070 et
516 3022 589 3071 Med.
599 3037 641 3071 seeo
651 3021 723 3070 tedio
741 3021 810 3083 septi
830 3021 884 3068 Utin
894 3021 940 3068 ruet
951 3020 1052 3080 sueinus,
1064 3022 1108 3071 sed
1121 3023 1249 3085 vulgatum
1260 3039 1303 3075 re·

203 3085 452 3136 disemum-61⁷
469 3086 500 3135 lu
521 3087 609 3136 multis
621 3092 686 3136 vett.
701 3083 876 3145 silete—618
893 3082 945 3134 Alii
957 3086 1012 3134 Neu
1029 3085 1116 3150 cepisse
1125 3085 1199 3146 soret.
1215 3089 1258 3138 Fr.
1271 3096 1301 3140 et

697 3226 803 3278 NOTAE
832 3275 835 3280 .

235 3344 284 3388 doti
295 3339 450 3403 Ferrituset]
467 3340 739 3404 Perssepenimirum,¹
769 3338 903 3389 subductis
924 3340 957 3391 ed
980 3343 1059 3393 vitem
1078 3344 1219 3397 rationibus
1241 3359 1301 3396 esse

201 3420 309 3475 reptata
318 3415 463 3477 occasione,
479 3415 505 3464 iu
527 3416 729 3480 temporeedve·
769 3420 1301 3486 sutnmsur,utuequedieuuequelocm,

201 3489 266 3551 uiro,
285 3488 311 3537 in
330 3488 406 3538 rebus
419 3490 498 3539 etium
518 3491 635 3540 maximis
647 3505 729 3555 prope
769 3493 1300 3561 nequeresnlledeniqueillosquiequem

203 3563 293 3614 uuicos
303 3562 384 3612 labor.
770 3565 1008 3630 admouereporrit.
1040 3570 1193 3622 Quiuilium
1206 3578 1301 3620 contre

201 3681 206 3690 .
234 3643 283 3690 618
301 3641 383 3704 Coepto
397 3643 542 3706 expugnare]
565 3641 642 3691 Prius
658 3640 728 3706 equi·
768 3639 842 3690 firma
852 3647 883 3690 et*
890 3641 957 3691 bene
965 3645 1106 3694 constituto
1113 3651 1201 3694 mente
1209 3646 1300 3698 vivere

181 3718 261 3768 dem
283 3726 359 3781 quum
380 3716 497 3780 incipies,
522 3717 656 3777 consuit03
683 3716 728 3768 ubi
769 3711 932 3778 crediderim,
943 3720 987 3783 qui
996 3720 1105 3770 subinde
1123 3736 1179 3770 sese
1189 3723 1221 3771 ed
1235 3729 1300 3773 tem·

198 3788 369 3852 'conuulnertu
386 3802 485 3842 mature
507 3791 576 3842 fecto
596 3806 661 3856 opus
680 3798 727 3843 est.
769 3808 816 3857 pus
825 3796 1028 3858 accommodare,
1036 3797 1242 3861 sententiamque
1251 3812 1300 3862 pro

196 3868 326 3919 ¹ultenlm
348 3869 535 3931 cumprimum
552 3869 620 3918 mule
637 3883 727 3919 eonsu-
769 3863 879 3919 re'uats
898 3877 996 3920 mutere
1015 3871 1144 3924 didicerit.
1177 3873 1232 3924 Sibi
1250 3888 1299 3924 suo
1395 3873 1400 3882 “

201 3945 278 3993 luisse
300 3957 347 3993 nos
374 3945 542 4006 advertimus,
561 3945 596 3993 ab
622 3943 728 4007 incepto
769 3959 846 3996 seusu
857 3947 979 4008 optimum
990 3949 1076 4010 posuit
1085 3950 1181 4014 legem,
1192 3951 1237 4016 qui
1248 3950 1300 4000 eibi

202 4017 326 4068 desistere
336 4018 475 4069 secondum
486 4020 560 4069 uobis
569 4031 626 4068 esse
636 4018 727 4068 debet:
767 4020 863 4069 nullum
882 4035 979 4083 ponere
998 4024 1145 4087 eonstituit3
1162 4040 1219 4092 qun
1231 4027 1299 4078 viro·

203 4098 242 4150 ut,
259 4091 319 4140 mibi
330 4093 443 4157 uiridem,
454 4096 569 4144 omnium
584 4095 730 4145 stultissimi
767 4095 824 4146 rodr
833 4093 980 4149 structorum
990 4113 1044 4152 sors
1054 4105 1101 4151 est.

204 4164 350 4232 rideantur,
367 4169 412 4234 qui
429 4185 457 4220 re
475 4168 683 4236 incompositis
700 4174 730 4220 et
