2838 4774
413 329 771 400 uarinonrnos'no'x
797 331 868 399 im.
891 351 948 403 rx.
1142 309 1228 400 1371·

41 563 44 569 Δ
130 489 257 568 linxit,
274 495 309 556 et
323 511 341 555 e
356 495 443 555 terra
457 512 581 576 corpus
595 494 743 558 relevare
757 495 922 560 volentem

127 589 263 656 Arcuit:
285 593 386 674 in'que
401 593 508 674 pedes
522 596 665 664 mutavit
677 591 815 660 brachia
831 595 967 677 primos.

125 681 313 756 Strenuitas
329 693 467 775 antiqua
481 701 607 757 manet:
631 713 692 758 nee
707 702 797 777 terga
812 695 959 760 colorem
1162 691 1228 757 320

123 791 278 856 Amisere
293 813 410 857 suurn:
433 793 537 857 sonna
551 795 749 865 estdiversa
764 797 877 878 priori.
1219 795 1226 802 ’

124 892 225 971 Quae,
243 895 324 976 qnia
337 894 487 958 mendaci
503 895 680 977 parientem
692 895 826 978 juverat
840 915 909 970 ore,

125 993 192 1058 Ore
208 995 314 1077 parit:
334 1001 530 1078 nostrasque
545 995 674 1074 domos,
689 1001 725 1060 rit
740 1001 773 1060 et
789 1005 876 1074 ante,
891 995 1084 1079 frequentat.

127 1292 217 1356 an.
240 1290 305 1355 VI.
330 1299 362 1356 et
384 1291 468 1356 Vll.
514 1293 653 1374 Dryope
676 1291 711 1358 in
728 1293 878 1356 arborem
895 1248 1017 1357 Loton.
1062 1294 1179 1358 Iolaus
1193 1295 1227 1358 in

451 1437 456 1446 -
542 1391 813 1458 Adolescentem.

125 1555 245 1608 anorra
258 1543 349 1622 Euryti
362 1557 424 1620 tilia,
437 1572 509 1606 soror
519 1557 597 1620 Ioles,
609 1556 788 1608 Andraemonis
807 1559 910 1623 conjux,
922 1574 997 1622 quarn
1010 1566 1088 1610 antea
1099 1559 1229 1612 dilexerat
1278 1571 1281 1578 '

157 1639 264 1705 Apollo,
283 1653 340 1686 enm
360 1638 390 1686 ad
411 1639 493 1686 lacnnr
514 1645 642 1687 sacratum
663 1640 791 1702 Nymphis
812 1641 879 1690 dona
898 1639 984 1689 ferens
1006 1641 1129 1702 venisset,
1149 1647 1228 1689 etex

125 1719 128 1746 ³
157 1719 250 1766 amore
271 1719 324 1766 loto
344 1732 441 1766 rarnnm
461 1719 641 1782 decerpsisset,
661 1735 711 1782 qno
731 1735 837 1782 parvum
856 1721 938 1770 tilium
958 1721 1059 1770 nomine
1076 1717 1228 1783 Amphison,

159 1813 233 1861 quem
254 1813 342 1846 seeum
364 1799 467 1858 tulerat,
482 1799 637 1859 oblectaret,
656 1799 771 1868 inquam
791 1801 877 1861 Lotos,
895 1799 996 1862 fugiens
1018 1800 1151 1862 Priapum,
1171 1803 1229 1848 erat

161 1877 351 1941 transfigurata,
371 1878 431 1942 quia
450 1893 529 1926 sacrae
551 1879 649 1928 arboris
672 1880 798 1928 extiterat
818 1881 947 1942 violatrix,
966 1888 1058 1928 trunco
1079 1881 1134 1944 ejus
1154 1879 1229 1930 hasii

160 1957 247 2007 infixa.
282 1957 356 2006 lnter
365 1973 422 2020 qnae
440 1957 499 2006 dnm
511 1959 604 2006 sororis
624 1972 711 2006 casum
724 1958 780 2007 Iole
792 1957 873 2008 refert
885 1959 1034 2019 Alcmenae3
1052 1959 1150 2020 Iolaus,
1160 1959 1229 2008 Her·

159 2038 225 2086 culis
237 2044 266 2086 et
276 2038 366 2086 Hebes
376 2036 450 2098 filins,
464 2037 488 2085 in
501 2038 630 2102 antiquam
645 2037 781 2100 pueritiam
802 2037 946 2088 transfusus
959 2039 1069 2088 videtur.
1101 2038 1145 2086 Sie
1160 2039 1229 2098 enim

157 2117 270 2169 lunonis
282 2117 335 2165 filia
347 2116 447 2179 roganti
457 2116 562 2180 conjugi
574 2117 737 2180 promiserat.

124 2245 285 2336 Dixtr:
308 2278 351 2348 et,
368 2272 536 2336 admonitu
551 2273 672 2336 veteris
688 2278 851 2338 commota
866 2273 1036 2350 ministrae,

128 2373 316 2456 Ingemuit3
340 2394 440 2456 quam
454 2375 503 2437 sic
519 2393 620 2437 nurus
635 2379 685 2438 est
697 2374 799 2438 affata
815 2379 1018 2456 gementem:
1163 2359 1240 2436 325¹

128 2475 177 2538 Te
192 2481 315 2552 tamen,
330 2495 351 2538 o
366 2474 519 2554 genitrix,
536 2475 655 2538 alienae
671 2475 829 2558 sanguine
846 2481 956 2539 vestro

130 2575 245 2660 Rapta
259 2582 371 2641 movet
384 2576 500 2640 facies.
545 2575 636 2653 Quid
652 2578 682 2640 si
697 2579 758 2641 tibi
772 2579 855 2642 mira
869 2579 992 2642 sororis

128 2759 254 2818 ridentem,
265 2763 288 2805 et
298 2763 428 2819 correptum
439 2757 490 2821 ipsu
500 2773 575 2815 como,
587 2763 657 2820 utque
666 2759 785 2822 prohibuit
796 2763 915 2810 conantem
926 2757 1006 2807 tollere
1016 2772 1098 2820 corpus
1107 2772 1138 2807 ex
1148 2761 1229 2805 terro:

129 2827 152 2872 et
169 2823 286 2870 runrertit
304 2823 398 2870 bractia
417 2823 442 2870 in
458 2823 528 2884 pudes
546 2826 684 2882 anteriores.
720 2823 794 2872 Vetus
810 2823 908 2883 agilitas
918 2827 1037 2884 superari:
1052 2823 1229 2883 neqeedorrum

129 2887 234 2949 deposuit
246 2901 312 2934 ntum
329 2887 442 2934 colorum:
451 2887 537 2950 figure
552 2887 647 2936 aliaest
663 2903 677 2934 u
686 2890 775 2948 priore.
811 2888 870 2940 Quo
881 2888 936 2947 quin
947 2901 1011 2946 opem
1022 2887 1108 2932 tulerat
1125 2883 1229 2944 parienti

123 2950 268 3011 ‚orrfullaei,
273 2950 349 3009 fretus
359 2951 449 2998 emittit
460 2965 499 2997 ore
508 2966 517 3007 ,·
534 2955 603 3012 utque
612 2951 670 2998 colit
677 2955 770 2998 narnus
780 2951 867 3009 domos,
876 2955 902 2996 ut
913 2955 935 2996 et
943 2948 1012 3010 priua
1024 2947 1135 2996 colebat.

161 3029 200 3064 vr.
210 3027 261 3062 vri.
278 3014 385 3062 Absolvit
395 3030 404 3070 ,·
414 3019 436 3062 et
445 3018 509 3061 tuctu
518 3015 678 3062 recordatione
689 3013 773 3063 ueteris
778 3014 887 3071 janula,
895 3013 993 3060 indoluit
1003 3028 1011 3059 :
1022 3025 1090 3072 quum
1096 3014 1229 3070 gementem

130 3094 202 3127 rursu
218 3079 252 3126 sir
268 3079 369 3126 allocuta
379 3083 429 3125 eat:
453 3083 599 3137 Attumen,o
611 3078 783 3138 natanaelem
793 3075 897 3124 sublatus
907 3075 989 3124 ulienoe
1000 3091 1014 3122 u
1026 3075 1104 3122 nostro
1114 3074 1230 3133 eurrguixe

128 3148 152 3192 te
168 3144 258 3204 tangit.
293 3143 359 3198 Quid
369 3142 391 3190 si
406 3141 451 3190 titi
465 3155 558 3190 narrem
567 3143 704 3204 stupendum
714 3146 801 3190 sortem
817 3138 988 3190 merereris?
1007 3137 1109 3188 Tametsi
1119 3137 1195 3201 fletus
1205 3141 1229 3186 et

593 3283 770 3304 ΜΝΝΟ

129 3381 204 3429 Unus
217 3375 308 3426 Helos.
320 3382 347 3424 et
359 3374 512 3427 Graevianns
530 3387 607 3437 prens.
618 3375 678 3438 spis,
694 3374 760 3437 qnorl
774 3375 863 3423 Heins.
875 3373 973 3424 rectius
983 3373 1130 3434 videbatur,
1145 3373 1188 3439 qui
1200 3377 1228 3423 et

130 3444 192 3492 olim
204 3443 317 3504 conjecit
334 3454 412 3502 prens.
424 3440 472 3487 solo
490 3440 525 3488 D.
535 3456 554 3487 r.
565 3455 585 3486 c.
598 3439 701 3499 Stratie,
711 3443 744 3500 et,
754 3441 795 3500 tre.
831 3442 881 3488 Pro
898 3441 1012 3488 rotantem
1029 3439 1143 3503 quinque
1163 3446 1229 3487 vett.

127 3508 342 3570 parantem-323
359 3503 454 3564 Scripti
467 3513 493 3550 et
505 3503 571 3550 Edd.
585 3503 711 3550 nonnullae
727 3505 791 3552 uelut
803 3518 848 3566 pro
858 3509 885 3552 ul
897 3507 1010 3552 ete-tit
1027 3505 1099 3552 Voss.
1119 3509 1143 3553 et
1158 3517 1229 3551 amo·

131 3573 274 3620 nitu-325
294 3568 431 3616 Gementem
442 3574 483 3614 est
495 3581 526 3614 ex
534 3565 739 3615 illed‘fnmiliari
748 3568 838 3618 Ovidii·
849 3568 1004 3631 repetitione
1014 3583 1021 3626 ;
1039 3568 1083 3615 ulti
1093 3569 1230 3629 laqueatam,

130 3639 172 3686 vel
188 3635 403 3698 paventem—326
421 3630 463 3680 Sic
482 3631 574 3682 Heins.
590 3645 621 3680 ex
637 3630 801 3693 melioribus,
822 3635 887 3695 vulg.
900 3633 982 3682 ulienoe
993 3631 1229 3694 amnguinenurtro,
1325 3649 1326 3655 ¹

627 3773 734 3825 NOTAE

163 3899 212 3945 320
243 3895 292 3942 Nee
313 3891 393 3954 terga]
419 3889 534 3940 Munera
561 3903 663 3952 nempe,
702 3890 758 3938 loeo
769 3888 794 3936 in
806 3889 881 3936 linrn
896 3887 1044 3938 transferat.

131 3974 204 4036 cujus
213 3969 321 4018 formam
333 3967 417 4016 induit
429 3965 575 4027 Galantlris,
586 3965 663 4014 sicuti
735 3969 782 4014 325
794 3965 886 4028 Nurus]
897 3965 952 4012 Iole
961 3969 1009 4021 est,
1017 3959 1099 4024 Hylli,
1110 3961 1230 4014 Herculis

129 4048 188 4111 ipsa
198 4044 264 4094 flava
276 4057 372 4102 eomas,
382 4043 468 4092 colore
479 4049 519 4092 est
529 4041 605 4090 flavo.
701 4038 757 4102 filii,
767 4052 844 4087 uxor:
863 4044 891 4086 nt
902 4050 979 4099 snpra
990 4041 1148 4085 annotatum.
1223 4051 1226 4056 ’

164 4126 212 4172 323
239 4121 289 4172 Ore
306 4116 384 4181 perit]
410 4117 469 4165 lloe
487 4116 545 4164 ideo
565 4116 664 4176 fictum,
734 4119 781 4162 327
793 4111 884 4175 Rupta]
896 4113 938 4160 De
947 4110 1100 4160 Galanthida
1110 4115 1231 4180 loquitur,

134 4199 204 4265 qood
215 4211 259 4248 ore
268 4195 368 4246 catulus
380 4207 439 4243 suos
450 4193 558 4244 subinde
568 4207 600 4242 ex
611 4203 663 4242 nne
703 4204 760 4256 qne
771 4192 798 4240 in
809 4189 945 4239 mustelam
958 4201 1089 4240 conserta.
1150 4219 1154 4228 ι
