2866 4772
89 394 91 400 .
186 333 281 410 1494
553 359 586 408 r.
610 357 732 408 ovrnrr
755 355 919 408 44444444
1004 363 1011 372 ·

185 501 358 588 Quicquid
373 503 454 569 erit:
475 504 598 587 pariter
612 523 712 585 super
726 518 863 584 aequora
879 501 951 566 lata
958 499 1115 568 feremur.

185 605 326 670 Talibus
344 601 499 670 AEolidos
512 603 613 668 dictis
626 604 848 686 lacrymisque
862 606 1014 666 movetur

186 703 341 770 Siderous
358 707 501 790 conjux:
523 725 628 789 neque
646 706 734 768 enim
750 706 859 768 minor
872 705 959 786 ignis
973 705 1008 768 in
1022 705 1098 786 ipso
1112 706 1176 768 est.
1222 698 1289 764 445

187 807 257 871 Sed
270 825 378 892 neque
392 809 586 890 propositos
602 807 714 890 pelagi
729 806 893 894 dimittere
906 825 1039 882 cursus,

185 907 260 972 Nec
274 909 346 972 vult
361 908 562 991 Halcyonen
577 909 609 971 in
625 912 752 989 partem
767 905 921 970 adhibere
936 907 1071 989 pericli:

185 1007 364 1091 Multaque
377 1009 563 1094 respondit,
578 1008 728 1072 timidum
744 1006 889 1070 solantia
903 1012 1031 1090 pectus.

185 1109 261 1174 Nec
276 1117 388 1174 tumen
402 1111 527 1174 idcireo
541 1101 677 1174 causam
692 1110 824 1190 probat.
868 1107 1009 1174 Addidit
1020 1109 1089 1174 illis

184 1207 264 1275 Hoc
279 1213 583 1294 quoqnelenimen,
597 1231 664 1294 qno
680 1211 752 1274 solo
767 1211 863 1274 flexit
874 1215 1058 1276 amantem:
1222 1205 1295 1276 4544-

184 1311 303 1394 Longa
317 1314 449 1395 quidem
463 1314 560 1377 nobis
575 1311 682 1376 omnis
697 1331 812 1376 mora:
835 1313 894 1376 sed
911 1312 973 1374 tibi
982 1311 1063 1394 juro

185 1412 253 1476 Per
268 1415 392 1496 patrios
405 1415 500 1496 ignes
522 1413 568 1498 (si
582 1433 635 1478 me
648 1413 751 1476 modo
765 1414 837 1478 fata
850 1409 1034 1496 remittent)

184 1511 275 1578 Ante
289 1534 506 1592 reversurum,
521 1535 621 1598 qnam
638 1516 736 1579 Luna
748 1515 802 1579 bis
817 1516 956 1597 impleat
971 1515 1098 1578 orbem.
1133 1529 1139 1540 ·
1154 1525 1157 1531 '

186 1613 255 1678 His
270 1617 327 1679 ubi
342 1617 519 1698 promissis
534 1637 613 1698 spes
627 1623 681 1679 est
695 1617 831 1678 admota
845 1633 997 1680 recursus
1009 1635 1019 1694 ;

184 1713 345 1780 Protinus
359 1717 510 1780 eductam
521 1717 697 1780 navalibus
713 1734 847 1798 aequore
858 1716 955 1798 tingi,
1200 1737 1204 1744 ·
1221 1711 1296 1782 455

183 1812 372 1897 Aptarique
387 1817 457 1880 suis
472 1817 587 1905 pinum
598 1817 696 1899 jubet
711 1818 941 1883 armamentis.

186 1917 267 1995 Qua
280 1936 394 1981 rursus
408 1919 499 1995 visa,
510 1920 615 1983 veluti
630 1939 787 2003 praesaga
801 1919 913 1996 futuri,

183 2017 324 2083 Horruit
338 2018 532 2103 Halcyone:
553 2021 785 2104 lacrymasque
801 2021 910 2084 emisit
924 2021 1081 2086 obortas:

183 2117 442 2204 Amplexusque
457 2121 567 2188 dedit:
591 2123 743 2205 tristique
761 2123 944 2186 miserrima
958 2109 1093 2187 tandem
1154 2119 1156 2124 ’

183 2220 263 2300 Ore,
279 2221 376 2299 Vale,
393 2223 501 2286 dixit:
524 2223 744 2306 collapsaque
757 2241 898 2304 corpore
911 2227 984 2286 tota
996 2228 1058 2286 est.
1222 2220 1293 2286 rou

184 2319 249 2388 nst
258 2322 413 2406 juvenes
430 2325 600 2407 quaerente
615 2343 726 2388 moras
741 2321 866 2405 Ceyce,
877 2322 1041 2388 reducunt
1137 2345 1153 2355 ·
1254 2399 1256 2406 ¹
1294 2333 1297 2339 ’

125 2509 128 2518 ’
184 2493 624 2560 rimclorlemursuperoustumarin.
657 2499 763 2548 1414444444
779 2497 1095 2561 4444444444444444444
1104 2496 1183 2546 cerlis
1193 2497 1294 2560 etstrti·

131 2578 136 2586 ·
184 2558 227 2606 4444
240 2561 358 2608 AEolr'rlos:
375 2576 448 2622 neque
469 2563 532 2610 444444
545 2563 640 2611 minori
659 2577 739 2611 umore
759 2562 1031 2624 assumamusque
1050 2562 1099 2610 44444
1117 2562 1226 2610 omittere
1240 2563 1296 2612 4444,

147 2639 149 2646 ,
183 2623 335 2670 «cartalatam
346 2639 387 2685 ner
396 2639 478 2680 mure:
489 2639 566 2687 neque
582 2627 632 2674 44444
651 2629 777 2674 admittere
798 2627 962 2688 Halcyoneu
953 2625 1291 2685 444444444444444444444444444,

182 2689 252 2746 utque
262 2687 346 2734 retulit
357 2688 430 2735 4444444
441 2690 553 2737 4444444444
563 2690 731 2752 earpualdum.
765 2691 931 2752 Nequetnmen
939 2690 989 2738 ideo
998 2695 1076 2738 cotum
1086 2690 1210 2764 approbat.
1237 2691 1289 2738 Aa·

178 2749 445 2814 ieritillislocquoque
463 2755 573 2814 4444444444,
593 2769 637 2816 qno
655 2754 703 2804 4444
722 2754 795 2802 movit
813 2757 945 2802 amantem:
965 2755 1048 2802 0444444
1067 2753 1289 2816 quidemcunetutio

185 2813 251 2862 444444
261 2815 375 2872 tulmen:
389 2820 431 2864 sed
449 2816 522 2864 44444
507 2831 566 2875 Juro
583 2831 627 2878 per
644 2818 712 2878 ignes
724 2819 814 2879 patrios
830 2818 869 2880 (si
887 2821 953 2866 modo
964 2817 1021 2877 futu
1033 2832 1069 2866 me
1079 2819 1209 2876 reducant)
1219 2819 1290 2880 prius

185 2880 317 2928 4444444444
319 2896 402 2956 ,quaen
411 2881 479 2930 Luna
491 2881 526 2928 444
536 2881 602 2930 coint
610 2881 679 2943 pleno
689 2881 749 2930 orbe.
766 2882 898 2942 Postquam
905 2897 957 2944 spes
965 2887 1000 2929 444
1005 2881 1075 2940 fretu
1085 2883 1175 2930 44444444
1185 2883 1224 2930 nir
1233 2898 1289 2957 pre·

184 2943 271 3004 44444444,
280 2945 363 2992 statim
375 2945 477 3008 imperat
487 2961 570 2994 nucem
587 2950 718 2994 4444444444
729 2945 849 2995 navaturo
866 2949 943 3006 mergi
951 2959 1053 3008 4444444,
1061 2951 1130 3008 utque
1141 2947 1229 2995 4444444
1239 2947 1292 2994 suis

183 3006 356 3068 instrumentis.
376 3009 461 3064 Qun
438 3024 489 3058 4444
497 3025 580 3058 rursus
590 3010 724 3073 Halcyone,
734 3025 802 3072 quasa
796 3009 1009 3072 prudensfutori,
1018 3013 1134 3072 exymcitr
1144 3016 1216 3072 atque
1226 3011 1286 3058 emi·

185 3072 218 3120 444
230 3063 308 3135 fletur
322 3078 485 3136 mynden
501 3079 527 3124 44
537 3076 647 3136 amplexu
658 3081 709 3132 444
726 3080 751 3122 44
769 3073 929 3146 infelicissima
946 3075 1052 3136 dentque
1059 3074 1117 3123 Vule
1130 3077 1196 3124 444444
1207 3071 1303 3122 44444444

183 3150 241 3193 ure:
248 3141 280 3185 44
288 3137 389 3200 collapsa
400 3142 494 3188 4444444
504 3153 610 3202 corpore
640 3142 687 3187 Ast
697 3153 807 3200 resurges,
820 3129 895 3200 Ce‘yce
904 3138 1015 3202 fingente
1025 3138 1200 3202 zmyrnaeum
1211 3143 1289 3187 44444-

643 3262 820 3282 ‘mmm

182 3329 230 3380 tul.
241 3331 304 3387 ultr,-
318 3336 370 3380 tres
379 3333 455 3389 undu
473 3332 586 3396 quinque
597 3333 674 3382 4444444.
675 3335 756 3380 »443
774 3332 866 3381 Mallet
875 3332 964 3382 Herus
981 3335 1024 3382 444.
1036 3333 1146 3382 44444444
1156 3333 1196 3380 vel
1205 3333 1286 3382 444444

184 3407 247 3452 mur,
265 3395 325 3456 qnia
340 3397 476 3459 praecessit
492 3395 606 3456 feremus
609 3399 687 3446 -444
705 3397 783 3458 Vulg.
805 3397 922 3455 AEolide's3
939 3391 972 3446 eust
994 3397 1094 3446 drrobuu
1111 3403 1174 3446 vett
1194 3396 1289 3446 Heius.

177 3457 268 3532 xdedrt
267 3459 375 3506 AEolrdoe
377 3464 464 3509 ·-445
483 3461 565 3522 Neque
576 3461 677 3509 emend
689 3459 813 3510 ctosanns
832 3477 865 3510 ex
876 3461 948 3510 lrbrrs
961 3467 1025 3510 vett
1047 3462 1115 3523 vulg.
1135 3475 1184 3508 4444.
1203 3461 1288 3512 Gren.

181 3533 223 3638 er.
216 3523 513 3572 ,4444444444444-444
532 3525 603 3573 Unus
622 3524 694 3572 Med.
702 3523 794 3586 judice
811 3525 899 3574 Burm.
916 3526 1075 3574 numerosius
1087 3524 1290 3575 Ν4444444Η444.

200 3586 248 3636 'res
266 3586 372 3636 4444444444
384 3587 961 3639 utone.-·-449Heide1b.Nostana—usn
981 3591 1113 3638 Rernittent
1130 3589 1222 3636 Heins.
1242 3589 1293 3640 de·.

181 3649 221 3698 dit
240 3665 272 3698 ex
296 3652 460 3712 melioribus3
486 3652 554 3714 vulg.
570 3651 783 3700 remittunt—463
801 3654 916 3702 Berolin.
934 3654 970 3702 bie
989 3654 1145 3702 444444-454
1168 3651 1232 3714 Arg.
1251 3657 1287 3701 444

181 3715 294 3772 addicto:
318 3717 380 3766 Jun.
403 3717 519 3772 admissu:
546 3716 618 3764 Med.
647 3716 735 3776 4444444,
753 3717 824 3780 quod
843 3718 932 3766 Burm.
953 3725 1029 3780 putat
1051 3733 1098 3781 pro
1108 3716 1285 3766 obtuta—455

182 3780 252 3829 ΜΝ
275 3781 1175 3903 aqdlddllurnduocdlrergtogdlrrtaffldldilirdlin(³132deeredidit
1194 3780 1291 3894 44444444

181 3844 980 3978 ’44446844444444444.44φ.444444,-44134441444444444.
998 3911 1288 3974 Ahrquoermcram.-·-

677 4033 787 4090 NOTAE

213 4134 260 4180 444
274 4133 399 4199 werrae]
420 4136 504 4199 Ceyx,
513 4135 624 4202 Luciferi
636 4137 716 4202 filius,
782 4141 829 4186 461
849 4137 984 4202 Reducunt]
1014 4137 1065 4190 Qui
1078 4142 1167 4201 gestus
1184 4141 1227 4185 est
1244 4149 1286 4188 rc·

181 4208 582 4272 perrnjusignesmoxjurabit.
752 4213 912 4275 ntuentium:
982 4261 984 4264 .
