2930 4778
340 1007 407 1130 Ρ.
452 979 728 1132 ovrnrr
779 973 1148 1132 NASONIS
1247 1127 1250 1134 ,

271 1351 1223 1513 mnusmonurrosnon

601 1738 801 1827 LIBER
840 1753 897 1830 Vs

358 2354 449 2420 rso.
472 2355 503 2420 1.
548 2345 695 2418 Phineus
712 2337 745 2418 'ot
759 2355 843 2418 soen
855 2355 929 2438 ejus
947 2354 981 2418 rn
996 2355 1137 2420 saxum.

197 2534 403 2600 Appaomansm
422 2535 522 2598 Cephei
540 2534 716 2600 etCassiopes
735 2535 821 2596 filiam,
842 2535 868 2584 iu
884 2534 1014 2600 AEthiopia
1033 2535 1191 2600 propositam
1203 2535 1296 2596 bellna

228 2615 347 2677 marina,
357 2616 469 2664 Perseus
478 2615 552 2665 Joris
570 2622 598 2666 et
615 2615 718 2664 Danais
737 2613 814 2676 filim,
833 2614 951 2664 Medusae
963 2615 1091 2678 Gorgonis
1110 2623 1191 2680 caput
1202 2616 1297 2681 terens,

230 2695 370 2759 paciscitur
379 2696 554 2758 conjugem‚si
563 2710 619 2746 eam
630 2696 746 2762 periculo
756 2696 900 2747 liberasset.
918 2697 1002 2746 Causa
1010 2702 1096 2746 autem
1108 2697 1297 2760 prostituendas

228 2773 354 2824 extiterat
365 2775 399 2825 ob
411 2775 553 2824 Nereidum
572 2776 645 2837 iram,
664 2789 771 2840 quarum
791 2775 976 2841 pulchritudini
988 2783 1072 2826 mater
1085 2791 1112 2826 se
1133 2778 1296 2846 praetulerat.

229 2854 353 2906 Perfecto
364 2856 444 2919 igitur
452 2870 468 2904 a
477 2856 573 2906 Perseo
584 2857 712 2922 pollicito,
723 2871 783 2908 cum
793 2857 858 2906 fides
870 2871 886 2904 a
896 2857 1002 2920 Cepheo
1013 2857 1139 2921 promissa
1150 2864 1220 2906 esset
1230 2872 1298 2922 prae·

229 2936 301 3001 stlta,
319 2943 347 2988 et
366 2938 514 3000 nuptiarum
536 2939 711 3001 conjugalium
727 2938 811 3000 epulis
831 2937 960 3001 regalibus
979 2937 1111 3000 principes
1131 2938 1297 3002 interessent,

228 3017 343 3069 Phineus
361 3017 452 3082 frater,
472 3020 514 3069 cui
531 3019 697 3070 Andromeda
708 3027 770 3070 ante
782 3020 939 3083 desponsata
948 3017 1044 3081 fuerat,
1062 3021 1299 3088 contumeliamsibi

228 3099 377 3151 existimans
389 3101 564 3164 merissimam
577 3101 728 3165 injunctam,
739 3101 807 3166 quod
823 3101 930 3153 advenas
948 3099 1152 3163 consanguineus
1170 3101 1297 3166 postposi-

230 3184 271 3228 tns
284 3187 370 3240 esset3
387 3181 546 3230 vescentium
568 3181 665 3230 animos
685 3197 773 3246 pugna
793 3179 920 3232 confudit.
953 3181 988 3229 Et
1006 3195 1065 3230 cum
1083 3196 1124 3230 res
1146 3181 1297 3234 miserabilis

229 3257 406 3308 dimicantium
418 3264 540 3322 ageretur
551 3259 578 3307 in
589 3260 668 3324 regia,
678 3274 709 3309 ac
720 3260 795 3309 multi
808 3275 840 3308 ex
852 3266 960 3324 utraque
972 3267 1047 3325 parte
1057 3261 1144 3324 armis,
1155 3278 1213 3328 quae
1224 3277 1297 3312 casus

228 3337 373 3401 obtulisset,
381 3338 547 3399 cecidissent,
555 3339 691 3388 novissime
702 3339 814 3390 Perseus
824 3340 1027 3391 adversariorum
1036 3343 1229 3393 multitudinem
1239 3357 1297 3409 per-

229 3419 331 3482 timeas,
340 3420 478 3481 imperavit
488 3427 518 3468 nt
528 3435 544 3468 e
555 3415 696 3485 conspectu
709 3421 746 3470 sui
758 3419 931 3480 discederent,
940 3427 1070 3486 caputque
1083 3423 1213 3488 Gorgonis
1222 3429 1297 3474 extu·

228 3499 274 3550 lit:
293 3514 344 3564 qno
354 3499 420 3560 riso,
431 3499 543 3549 Phineus
554 3515 612 3549 cum
624 3499 806 3550 auxiliantibus
817 3501 923 3563 diriguit
934 3501 960 3550 iu
968 3515 1067 3550 saxum.
1086 3503 1197 3552 Nomina
1209 3508 1296 3553 autem

229 3595 317 3630 eoram
339 3579 382 3644 qni
397 3580 535 3642 cecidera;
561 3581 678 3643 Rboetus,
697 3579 777 3643 Atys,
799 3579 928 3644 Lycabas,
948 3580 1076 3644 Phorbas,
1098 3581 1299 3647 Amphimadon,

227 3661 343 3726 Eritlrns,
359 3661 538 3725 Polydaemon,
559 3661 663 3725 Abaris,
681 3663 805 3726 Lycetus,
825 3662 929 3724 Elyces,
947 3661 1084 3727 Phlegyas,
1104 3663 1204 3726 Clytus,
1224 3661 1297 3728 Idas,

229 3743 377 3808 Clymenus,
394 3742 532 3806 Protenor,
553 3742 685 3806 Hypseus,
706 3743 843 3809 Lyncides,
861 3743 1007 3806 Emathion,
1026 3743 1153 3804 Chromis,
1172 3743 1295 3806 Broteas,

228 3823 350 3887 Ammon,
366 3821 509 3886 Ampycus,
528 3822 669 3886 lapstides,
691 3822 820 3885 Pettalus,
844 3823 992 3886 Lycormas,
1011 3822 1128 3884 Pelates,
1156 3821 1297 3886 Corythus,

228 3903 308 3969 Abas,
318 3903 464 3965 Menalcas,
474 3901 595 3970 Dorylas,
605 3903 779 3966 Halcyoneus,
795 3902 905 3967 Clytius,
923 3903 1019 3966 Clanis,
1039 3904 1164 3966 Celadon,
1176 3903 1295 3966 Astreus,

228 3984 341 4048 AEthion,
351 3985 490 4046 Thoactes,
508 3982 631 4047 Agyrtes,
647 3983 777 4048 Molpens‚
797 3983 934 4032 Ethemon.
967 3983 998 4032 ln
1014 3983 1116 4046 lapides
1131 3983 1297 4034 anlemversi

225 4070 296 4127 sunt,
305 4065 450 4128 ihesoelus,
458 4063 572 4130 Ampyx,
582 4062 683 4127 Nileus,
692 4065 774 4128 Eryx,
785 4069 813 4112 et
825 4061 963 4128 Astyages,
992 4061 1126 4114 Aconteus
1133 4069 1220 4114 numm
1231 4063 1296 4113 Per·

228 4143 266 4197 sei
283 4144 366 4210 milm,
382 4144 443 4195 dum
465 4159 512 4212 per
528 4143 729 4212 impmdsntiarn
747 4135 872 4195 dimicans
890 4141 1016 4209 prospicit
1032 4142 1161 4210 Gorgonis
1172 4142 1297 4209 speciem,
