2838 4774
422 333 778 384 usrnuunrrrosnou
803 333 875 385 nra.
899 335 940 384 x·.
1142 305 1228 386 luit

129 473 288 558 Namque
301 474 510 558 pharetratus
526 477 603 540 dum
618 477 676 541 dat
686 495 771 560 puer
785 479 900 542 oscula
913 477 1021 556 matri,
1162 477 1229 544 525

129 573 267 640 Inscius
281 577 414 639 extanti
429 575 604 642 destrinxit
616 579 774 642 arundine
789 586 936 661 peetus.-

128 677 234 742 Laesa
247 695 346 742 manu
359 685 469 742 natum
486 679 560 744 Dea
574 681 711 761 repulit:
735 679 834 743 altius
849 686 961 744 actum
1008 669 1013 676 ’

127 777 266 842 Vulnus
281 785 352 843 erat
366 780 495 862 specie:
516 781 690 862 primoque
703 781 863 845 fefellerat
875 783 996 863 ipsam.

129 877 244 962 Capta
253 879 438 944 viri-forma
450 900 516 944 nou
525 881 596 964 jam
609 877 782 962 Cythereia
797 889 893 943 curat

129 979 277 1045 Littera:
300 999 364 1044 non
379 982 445 1045 alto
457 983 577 1064 repetit
593 981 733 1064 Paphon
748 999 881 1064 aequore
901 981 1055 1056 cinctam,
1162 979 1227 1044 530

128 1079 373 1164 Piscosamque
387 1082 531 1160 Gnidon,
546 1083 759 1165 gravidamve
773 1081 977 1146 Amathunta
989 1081 1124 1146 metalli.
1171 1153 1178 1166 ,

127 1177 284 1246 Abstinet
297 1189 331 1247 et
341 1183 447 1248 ooelo:
470 1185 558 1248 coelo
571 1183 741 1267 praefertur
757 1181 895 1246 Adonis.
1062 1175 1064 1184 '

128 1283 235 1348 Hunc
251 1291 358 1348 tenet:
381 1284 457 1348 huic
473 1303 587 1349 eomes
600 1292 669 1348 est:
693 1289 892 1365 assuetaque
903 1301 1036 1362 semper
1049 1283 1085 1346 in
1095 1283 1211 1347 umbra

128 1384 304 1466 Indulgere
317 1385 395 1460 sihi,
410 1384 615 1468 formamque
630 1403 747 1465 augere
763 1382 915 1459 colendo,
1114 1385 1118 1392 ’

126 1483 194 1548 Per
204 1485 298 1568 juga,
314 1503 373 1568 per
386 1486 513 1568 sylvas,
520 1485 731 1568 'dumosaque
746 1503 833 1548 saxa
847 1489 987 1564 vagatur
1160 1482 1224 1546 535

127 1585 234 1650 Nuda
246 1605 343 1670 genu,
359 1593 484 1652 vestem
497 1588 563 1652 ritu
578 1587 749 1652 succincta
763 1585 900 1666 Dianae;

124 1757 201 1806 etiam
217 1762 303 1818 gratus
323 1763 359 1806 est
382 1758 475 1818 Veneri,
486 1763 554 1821 utque
569 1759 673 1808 uindicet
694 1772 783 1808 mnores
801 1758 935 1820 genitricis.
968 1758 1076 1820 quue
1093 1758 1149 1806 dum
1164 1771 1225 1820 puer

122 1821 277 1883 pharetratus
292 1821 385 1884 prebet
405 1822 487 1870 sunnin
505 1823 610 1884 parenti,
637 1824 770 1884 imprudens
794 1822 924 1870 uulnerauit
949 1821 1003 1882 ejus
1027 1825 1110 1882 peetus
1132 1820 1223 1883 sagitta

124 1885 278 1948 prominente.
309 1885 364 1934 Dm
380 1885 502 1946 minnela
520 1900 590 1934 mune
605 1885 686 1946 epesi
700 1885 789 1949 filium.
821 1885 902 1944 Pinge
923 1888 975 1932 erut
994 1883 1135 1945 profundior
1153 1899 1224 1950 quum

127 1947 258 2010 uidebatur,
277 1953 346 2011 utque
369 1951 447 2010 primo
465 1949 540 2011 ipsum
562 1949 670 1997 latuerat.
706 1949 820 2010 correpta
840 1947 1013 2008 pulchritudine
1034 1949 1081 1994 uiri
1094 1949 1147 2007 jum
1169 1965 1223 1997 eon·

125 2013 209 2061 temnit
230 2027 284 2062 orus
307 2011 460 2086 Cythereius:
486 2027 531 2062 nun
551 2013 679 2062 reuertitur
701 2011 799 2074 Pnpbnn
820 2011 988 2058 decantatam
1006 2010 1124 2070 profundo
1145 2011 1224 2068 muri:

124 2082 167 2125 aut
192 2077 284 2126 Cnidon
307 2090 430 2138 pureum,
456 2081 497 2126 out
522 2075 669 2124 Amathunta
696 2075 852 2122 abundantem
872 2075 971 2122 naute.
1005 2073 1126 2134 Relinquit
1151 2075 1224 2123 etium

122 2141 220 2188 coelum:
242 2141 332 2188 Adonis
349 2141 497 2202 anteponitur
522 2140 585 2188 coelo.
617 2139 690 2188 Hune
707 2143 780 2197 testei,
801 2137 854 2184 buis
871 2142 906 2184 est
925 2150 1011 2184 comes:
1040 2141 1063 2184 st
1081 2151 1133 2197 que
1153 2137 1223 2185 solitu

124 2209 178 2252 erut
198 2217 288 2265 temper
309 2203 355 2252 sibi
378 2205 469 2264 pinsere
490 2203 516 2252 in
541 2202 624 2252 umbre
642 2208 666 2250 et
688 2203 744 2261 otio,
768 2207 839 2262 utque
860 2213 945 2259 sugere
965 2199 1163 2260 pulchritudinem
1184 2215 1223 2248 co-

123 2269 202 2330 lendo,
219 2274 286 2317 eruut
300 2282 342 2328 per
352 2266 615 2327 mantuanensium,
631 2280 676 2328 per
691 2277 795 2325 nunnus,
805 2268 828 2311 et
842 2277 912 2326 rupes
921 2262 1023 2310 sentibus
1031 2263 1143 2324 hispidus,
1159 2265 1223 2311 nuda

121 2335 277 2396 gemmeique
287 2331 374 2381 babens
390 2335 465 2380 uestes
482 2331 587 2380 culestus
604 2331 635 2379 nd
653 2331 745 2378 modum
757 2327 854 2377 Dinnoe.
887 2328 968 2388 Atque
984 2327 1087 2388 instigat
1103 2339 1180 2388 emes,
1199 2333 1223 2374 et

587 2437 763 2459 omnm

124 2522 175 2569 qne
185 2505 229 2556 aiii
238 2505 344 2556 mlnbitis
351 2509 472 2556 set-52³
490 2506 540 2554 Sex
552 2503 611 2552 libri
622 2497 721 2562 sommi
737 2503 796 2566 ipse,
805 2501 873 2565 quod
884 2503 974 2556 Burru.
985 2503 1163 2564 placeretne
1173 2503 1223 2553 De·

122 2572 224 2621 strirmt
233 2585 265 2620 ex
273 2569 420 2631 melioribus
428 2567 528 2632 profert
536 2568 627 2618 Heius.
638 2569 707 2630 vulg.
720 2567 859 2616 distrinxit:
871 2567 943 2615 Laid.
953 2567 1113 2630 perstrinxit,·
1123 2567 1221 2622 Thuau.

122 2635 299 2700 defixit-529
316 2633 396 2684 Gron.
413 2633 458 2683 uir.
471 2632 584 2692 sormam.
602 2633 673 2680 Tunc
693 2632 806 2680 Beroliu.
825 2647 871 2679 non
888 2632 931 2679 iliu
943 2631 1150 2693 Cytheren-531
1168 2631 1231 2681 Alii'

118 2699 299 2762 gravidatarum
315 2697 440 2746 Nonnulli
449 2697 528 2746 etiam
540 2695 655 2760 scribunt
665 2697 819 2744 Amathonte.
835 2695 909 2742 Tunc
920 2697 1008 2744 metalli
1017 2696 1117 2758 recepit
1128 2695 1222 2764 Heius.

121 2777 156 2812 ex
168 2762 314 2812 Genevens.
325 2775 373 2824 pro
384 2761 453 2823 vulg.
470 2761 659 2809 mustellis—632
678 2760 755 2808 Hunc
771 2775 810 2808 vs.
830 2758 927 2808 Balbus
944 2759 969 2807 in
989 2761 1122 2808 catholieo
1134 2761 1171 2809 sic
1187 2762 1222 2810 ei·

121 2833 163 2876 tat
173 2827 294 2888 abstinet,
304 2831 326 2876 et
336 2839 423 2874 summo
433 2826 489 2874 ereio
498 2830 624 2886 praeseetor
637 2825 817 2872 Adonis-bib
835 2824 900 2870 Tres
911 2822 937 2870 in
948 2821 1107 2871 terta-saa
1122 2823 1222 2877 Thuau.
1264 2838 1269 2842 ’

121 2891 219 2952 [auk.
235 2905 289 2940 roso
305 2903 351 2952 pro
361 2892 508 2938 rosae-5³5
527 2888 603 2950 iulg.
614 2889 672 2950 sylv.
684 2889 765 2934 dumos
776 2892 798 2934 et
808 2900 859 2934 sax.
878 2885 923 2932 sed
940 2883 999 2933 libri
1015 2887 1103 2947 scripti
1116 2888 1222 2936 dumosa-

119 2969 166 3020 que
176 2969 231 3004 aux.
264 2955 325 3002 Bas.
345 2959 372 3002 et
394 2951 445 3001 duo
464 2951 507 3000 alii
525 2951 739 3012 eliuomqne‘snxu,
755 2957 783 2997 et
801 2963 866 2996 unus
876 2948 1085 2997 etiamen-sau
1100 2947 1133 2998 ln
1143 2947 1237 2999 hasc'e'

120 3033 202 3068 voees
222 3019 295 3066 Nuda
310 3031 374 3077 genu
394 3015 495 3064 variant
515 3017 681 3062 vehementer
692 3012 767 3061 codd.
801 3011 913 3062 eridam
932 3011 993 3060 Fine
1001 3027 1080 3072 genu,-
1098 3013 1142 3060 alii
1154 3013 1221 3062 Fune

119 3097 202 3143 genu:
218 3083 252 3132 N.
264 3087 292 3129 et
302 3095 354 3128 see.
366 3079 438 3128 Med.
451 3079 509 3128 inde
521 3079 610 3127 Venus:
627 3077 738 3126 Urbinas
746 3074 874 3125 Funieuio:
892 3076 917 3122 in
929 3075 1027 3124 Norico
1040 3075 1134 3138 Vimque
1142 3091 1205 3138 genu
1212 3093 1222 3135 ,-

122 3147 151 3195 iu
169 3146 251 3195 altero
269 3143 369 3194 Erfurt.
389 3144 538 3204 Poenegenu.
556 3141 649 3190 Heius.
665 3141 725 3189 olim
735 3136 883 3202 corrigebat
894 3139 970 3188 Crure
981 3144 1066 3196 tenus,·
1082 3140 1165 3200 vel,si
1177 3155 1222 3188 ve·

122 3209 286 3261 terrimorunr
299 3207 382 3258 Codd.
392 3206 507 3269 vestigiis
526 3205 639 3255 fideliter
657 3204 836 3266 insistendum,
853 3203 914 3254 Fine
926 3217 1019 3264 gennep
1034 3203 1085 3253 is.
1101 3219 1177 3265 genus
1193 3205 1220 3254 iu

619 3363 725 3418 NOTAE

153 3484 203 3530 555
220 3477 298 3540 Puer]
316 3470 405 3538 Amor,
413 3479 524 3528 Veneris
533 3477 609 3527 filius.
724 3479 772 3525 titi
790 3473 864 3538 Crem]
881 3475 940 3524 Non
958 3463 1018 3524 tam¹
1029 3473 1129 3524 Adonis
1147 3476 1220 3540 Myr·

154 3559 205 3604 bii)
223 3554 362 3618 Cythereie]
387 3555 464 3616 Saepe
486 3555 599 3617 Cythera
614 3553 651 3602 m·
693 3554 746 3602 rhar
757 3553 834 3616 filius,
845 3565 920 3617 quarn
938 3551 1056 3613 voluptas
1074 3565 1107 3600 ex
1118 3565 1219 3611 aurore3

121 3631 204 3680 sulam
222 3630 301 3692 juxta
327 3631 443 3688 Cretam,
470 3644 519 3693 quo
542 3629 651 3692 primurn
692 3646 749 3696 quae
761 3629 864 3694 quidem
876 3643 908 3676 ex
919 3632 973 3676 100.
983 3625 1175 3676 hominihusttti.
1187 3640 1219 3675 eo

122 3706 228 3770 Dea'ex
249 3706 312 3753 mari
336 3705 455 3766 prodiens
474 3705 584 3768 appulit,
603 3706 652 3753 Ve-
692 3705 789 3754 certius
806 3706 832 3752 in
850 3701 998 3752 barathrum
1017 3701 1153 3764 protraxit,
1167 3716 1218 3764 quo

122 3782 180 3832 neti
191 3795 289 3830 sacrani
303 3781 473 3843 dilectamque
486 3779 601 3831 vidimus.
692 3783 773 3843 magis
788 3795 832 3829 eos
854 3780 880 3826 in
899 3778 1052 3826 Paradisum
1066 3777 1174 3825 evehere
1189 3791 1217 3826 se

155 3861 200 3905 551
225 3854 332 3916 Gnidon]
360 3854 429 3902 Urbs
449 3851 499 3902 fuit
522 3854 547 3902 in
567 3855 650 3904 Cariae
691 3855 827 3917 persuasit.
1138 3895 1141 3900 .

122 3930 310 3996 promontorio,
329 3929 423 3978 Veneri
443 3945 525 3991 sacra,
545 3945 595 3995 quo
618 3929 651 3979 ad
695 3962 702 3996 ·.·
723 3933 770 3978 555
789 3925 919 3988 Perjugn]
936 3919 1081 3974 Immutatis
1101 3925 1216 3990 adeoque

122 4005 262 4056 videndum
280 4005 343 4053 Deae
362 4005 471 4067 siguum,
487 4006 556 4070 quod
567 3999 655 4068 sculp·'
690 4004 813 4067 moribus,
823 4017 850 4052 se
862 4009 942 4052 totam
955 4001 1043 4049 Venus
1059 4000 1155 4050 amasio
1167 4008 1218 4051 tra·

122 4085 195 4130 serat
210 4079 368 4144 Praxiteles,
384 4079 498 4148 undique
515 4081 576 4133 olim
592 4096 651 4132 cou-
691 4083 745 4132 dit:
763 4086 793 4129 ut
807 4093 841 4128 ex
857 4075 968 4137 effectis,
984 4075 1065 4139 qualis
1079 4074 1114 4126 sit
1131 4078 1216 4128 cordis

122 4156 249 4209 fluebant.
628 4165 632 4174 “
691 4154 1064 4222 5555151,1ἰεοαῐοοςιιοεοετε.
