2886 4774
199 321 287 402 1578
480 355 501 398 ,ν
566 339 596 391 r.
620 334 741 384 ournu
766 333 928 386 unsaros

198 479 482 565 Alcandrumque,
497 478 716 561 Haliumque,
733 475 987 561 Noemonaque,
1004 477 1243 563 Prytaninqne‚
1294 493 1299 502 ·

199 581 380 667 Exiticque
392 583 469 646 dedi
481 601 557 646 cum
572 581 844 646 Chersidamante
859 581 1010 658 Thoona,

200 683 246 748 Et
261 684 446 768 Charopen,
462 682 607 765 satisque
618 684 801 746 immitibus
817 681 991 746 Ennomon
1006 689 1139 747 actum:
1237 679 1309 748 260

201 783 335 868 Quique
348 786 458 858 minus
469 784 617 848 celebres
630 791 745 848 nostra
761 784 824 846 sub
839 785 1008 848 moenibus
1022 786 1116 849 urbis

200 885 411 951 Procubuere
426 905 537 956 manu.
582 885 666 950 Sunt
680 885 807 950 etmihi
823 881 970 965 vulnera,
982 889 1085 965 cives,

200 987 283 1072 Ipso
299 989 439 1071 pulchra
452 990 548 1053 loco:
571 1008 632 1054 nec
647 989 743 1053 vanis
759 989 883 1053 credite
900 990 1035 1054 verbis:

199 1087 353 1172 Aspicite
367 1091 424 1153 en!
446 1087 658 1174 (vestemque
672 1109 771 1154 mann
786 1086 929 1174 diducit)
950 1098 997 1168 et,
1014 1089 1104 1154 Hoec
1119 1093 1196 1154 sunt

198 1191 341 1258 Pectora
354 1211 496 1274 semper,
516 1192 574 1267 ait,
591 1192 711 1254 vestris
726 1193 877 1256 exercitu
893 1193 1003 1257 rebus.
1238 1187 1308 1256 265

199 1292 249 1357 At
262 1295 344 1358 nihil
358 1294 517 1377 impendit
529 1313 588 1376 per
601 1300 651 1357 tot
662 1293 879 1358 Telamonius
892 1313 999 1358 annos

200 1395 379 1478 Sanguinis
393 1395 427 1468 in
442 1396 571 1458 socios:
594 1400 626 1458 et
639 1394 739 1457 habet
754 1394 824 1458 sine
839 1395 970 1458 vulnere
982 1413 1115 1478 corpus.

200 1495 291 1574 Quid
306 1502 415 1560 tamen
429 1497 495 1566 hoc
512 1495 620 1573 refert,
638 1497 667 1559 si
678 1515 715 1558 sc
729 1514 791 1579 pro
807 1497 914 1560 classe
935 1495 1076 1577 Pelasga

199 1595 303 1664 Anna
315 1599 430 1662 tulisse
443 1596 542 1662 refert
553 1605 670 1661 contra
683 1598 857 1681 Troasque
871 1597 894 1662 J
897 1598 1083 1680 ovemquet

199 1696 444 1780 Confiteorque,
461 1698 551 1762 tulit:
575 1695 784 1778 nequeenim
798 1698 983 1762 benefacta
997 1699 1139 1780 maligne
1240 1698 1309 1764 270

199 1797 393 1884 Detrectare
404 1816 514 1862 meum
530 1804 599 1862 est:
624 1797 760 1862 seduco
775 1803 968 1864 communia
983 1800 1075 1864 solus
1173 1859 1176 1866 .

199 1895 362 1982 Occupet,
376 1905 474 1983 atquc
490 1898 634 1982 aliquem
648 1900 749 1964 vobis
765 1920 899 1984 quoque
915 1901 1032 1967 reddat
1045 1902 1217 1967 honorem.
1253 1933 1255 1940 v

199 2131 280 2192 mium,
292 2140 315 2184 et
326 2135 477 2197 Alcandrum,
488 2139 511 2184 et
523 2135 661 2196 Halium,et
672 2133 822 2198 Na‘e'manem,
830 2139 853 2184 et
860 2133 998 2199 Prytaninr
1009 2141 1078 2199 atque
1085 2134 1179 2198 perdidi
1190 2134 1309 2184 monem

199 2213 252 2246 eum
264 2199 465 2261 Chersidamante,
477 2203 499 2248 et
515 2200 646 2263 Ctaropen,
657 2203 680 2248 et
694 2200 813 2248 Ennomon
824 2199 947 2262 impulsum
957 2205 1020 2248 corte
1031 2199 1126 2262 iniqua:
1143 2206 1166 2247 et
1177 2201 1218 2263 qui
1228 2200 1309 2248 minus

199 2262 283 2326 inclyti
294 2264 436 2312 interierunt
443 2269 524 2311 nostra
535 2265 620 2312 dextra
628 2265 660 2311 ad
668 2278 747 2312 murce
756 2263 829 2312 urbis.
863 2263 946 2326 Neque
955 2265 1039 2312 desunt
1049 2263 1106 2312 mint
1117 2264 1204 2326 plage,
1213 2280 1226 2311 a
1236 2263 1307 2325 acii,

198 2328 288 2374 deecroe
300 2328 413 2390 ipsaloca.
450 2328 530 2390 Neque
539 2327 616 2392 fidem
626 2325 709 2375 latete
720 2327 830 2376 inanibus
847 2329 930 2376 uerbis.
968 2329 1060 2389 Videte,
1071 2343 1129 2377 eece.
1163 2329 1242 2391 Atque
1251 2327 1308 2376 eut·

199 2396 275 2456 mouet
285 2392 395 2440 amictum
411 2407 489 2452 mana,
498 2397 531 2451 et,
544 2393 677 2450 Haerent,
689 2391 776 2453 inquit,
782 2397 878 2454 pectora
888 2407 978 2454 semper
988 2394 1083 2441 solicita
1094 2394 1119 2440 in
1131 2398 1234 2440 centrum
1245 2407 1309 2440 ccm-

199 2455 300 2502 mcdum.
334 2457 369 2504 Ae
390 2455 537 2504 Telamonius
554 2455 615 2503 aiau
626 2453 696 2514 fredit
714 2457 838 2516 sanguinis
856 2471 899 2518 per
917 2461 954 2505 tat
971 2471 1045 2506 onnon
1061 2472 1105 2520 pro
1122 2456 1263 2504 comitibus:
1281 2461 1307 2503 et

199 2517 268 2566 tacet
279 2534 360 2580 eorpus
370 2520 420 2567 sine
427 2523 509 2584 plaga.
544 2522 609 2575 Quid
623 2525 701 2568 tamen
713 2521 777 2570 istud
789 2521 896 2582 interest,
913 2521 935 2568 εἰ
949 2526 1032 2568 namot
1042 2536 1066 2568 se
1075 2521 1176 2581 gessisse
1185 2535 1252 2568 amm
1261 2533 1308 2582 pro

199 2582 271 2629 classe
284 2583 370 2630 Groeea
381 2589 461 2631 cantra
474 2584 586 2642 Troianas
596 2589 620 2631 et
630 2579 735 2632 dacem?
767 2585 846 2647 Atque
853 2599 961 2645 agnosca,
968 2585 1058 2645 gessit:
1074 2599 1144 2647 neque
1156 2585 1219 2632 enirn
1229 2599 1308 2632 meum

199 2649 235 2692 ett
245 2645 367 2694 detrahere
381 2660 490 2708 peruerse
506 2649 619 2708 preclare
628 2650 712 2708 gentis.
745 2645 793 2694 Sed
810 2661 883 2710 nequa
891 2649 953 2696 ratas
962 2663 1029 2696 naam
1041 2647 1121 2706 saciat
1131 2649 1191 2710 quad
1202 2648 1308 2696 amnium

200 2713 253 2765 θεὴ·
273 2713 343 2773 atque
361 2710 451 2760 tribuat
471 2711 543 2759 etiam
561 2711 625 2760 calis
646 2711 749 2772 aliquem
771 2711 872 2760 medem.
913 2714 1039 2762 Actoridae
1055 2727 1150 2761 securus
1168 2711 1211 2760 ret
1228 2712 1307 2776 specie

677 2852 731 2873 un
735 2853 746 2871 Ι
749 2853 836 2874 ὈΝΙᾹ

201 2941 253 3002 Atii
263 2953 323 3002 Car.
331 2954 452 3016 Iphitiden
463 2959 495 3003 et.
528 2955 559 3004 ln
571 2954 663 3004 Urbiu.
675 2954 753 3002 etiam
765 2954 864 3004 Aletara
877 2955 1154 3016 clanculumque—259
1170 2953 1243 3017 Med.
1252 2955 1307 3004 Ex·

200 3019 397 3079 nidisque-26⁰
415 3019 523 3081 Legitur
541 3020 620 3069 etiam
638 3019 744 3066 Eneman
755 3027 780 3066 et
796 3020 1005 3068 Ennomon-202
1022 3019 1083 3068 Bar.
1103 3027 1130 3067 et
1150 3019 1233 3068 Gran.
1249 3025 1308 3070 cunt

201 3100 214 3127 a
226 3081 373 3130 mita-263
391 3083 506 3132 Berclin.
523 3097 551 3132 ne
571 3097 617 3144 pro
630 3085 763 3132 aree-mid
780 3083 857 3131 Multi
869 3083 913 3130 elii
932 3097 1003 3130 manu
1013 3084 1127 3140 deductu
1144 3084 1184 3130 rel
1194 3083 1308 3144 deduxit,

201 3146 385 3196 diduxit—265
404 3147 484 3196 Grcn.
502 3155 530 3195 et
550 3146 601 3195 duo
623 3147 665 3195 alii
685 3161 763 3195 enare.
780 3147 934 3196 cam-uon
951 3147 1014 3195 sixti
1027 3154 1054 3195 et
1067 3161 1131 3194 rrnrrs
1142 3147 1235 3195 Heins.
1254 3147 1306 3196 nile.

179 3229 184 3242 ·
202 3210 404 3271 expendit—268
422 3212 497 3260 Cant.
509 3213 539 3260 de
550 3213 617 3260 cluse.
636 3212 698 3273 Aug.
707 3224 751 3273 pra
761 3213 841 3267 clarae,
862 3211 1046 3271 Pelasgi-eur
1068 3211 1144 3258 Multi
1156 3213 1307 3259 detractare:

202 3281 229 3322 et
242 3273 355 3321 Ber-aliu.
366 3277 406 3322 sed
417 3290 463 3332 ner
479 3275 517 3324 sic
535 3277 612 3324 etiam
631 3277 718 3337 plures
737 3282 801 3324 vett.
813 3276 882 3337 vrrlg.
895 3277 961 3322 marla
971 3291 1013 3324 ue:
1030 3277 1071 3322 aed
1082 3290 1124 3323 nee
1136 3275 1227 3324 Heius.
1245 3289 1306 3337 prc-

201 3335 252 3394 ἔφη
262 3352 294 3386 ex
306 3337 418 3402 quinque
430 3344 578 3390 vett-272
595 3341 654 3388 Sec.
667 3339 723 3388 Pal.
742 3345 769 3388 et
778 3339 829 3390 duc
841 3339 885 3390 alii
899 3340 1185 3402 mammarumque:
1200 3338 1306 3403 plurimi

699 3524 806 3576 NOTAE

210 3647 732 3714 .ecclam]Adveu0,scilicet,c0rpore.
773 3646 876 3710 quidem
901 3647 939 3698 ita
960 3645 1077 3708 faetum3
1108 3648 1193 3698 latere
1215 3653 1306 3700 tamen

208 3730 280 3784 ,267
308 3725 367 3776 Sine
393 3725 497 3788 uulnera]
535 3723 732 3775 lnurdnerubilis
772 3722 1305 3792 qundtectumucrrsuaratferrcpatente.

200 3802 268 3864 quim
290 3817 383 3865 magna
408 3801 524 3864 corporis
550 3807 624 3862 parte
646 3798 731 3848 factus
803 3798 1042 3862 mollepecum]
1072 3798 1155 3847 Immo
1171 3805 1306 3860 vetemur

200 3874 327 3924 tirerntab
338 3877 463 3938 Hercule,
474 3874 729 3940 quicumnliquando
770 3883 811 3924 est
827 3877 852 3924 in
875 3891 906 3925 eo
923 3877 1082 3938 veterrimus,
1104 3877 1172 3940 quod
1189 3877 1305 3941 maligne

199 3951 394 4002 scammum
402 3951 730 4014 Telamonemdivertisnet,
770 3951 868 4012 laudat,
880 3961 908 4000 ut
919 3953 1033 4001 securius
1044 3961 1135 4014 postca
1146 3952 1288 4015 vituperet.

203 4024 309 4090 Ajacem
325 4028 408 4078 adhuc
424 4028 550 4079 infantem
570 4027 649 4075 leonis
662 4027 730 4089 pelle
801 4031 850 4076 ‘272
871 4028 952 4090 Vatia]
974 4029 1100 4088 Faventes
1118 4029 1207 4092 procul
1225 4027 1303 4086 dubio

200 4097 646 4168 circumdederatpredatnqutqna
653 4111 730 4164 parte
769 4101 860 4165 inbuit
870 4103 917 4154 hac
929 4104 956 4152 in
964 4111 1040 4168 parte
1050 4103 1158 4156 Gtaeccs
1166 4118 1254 4158 umnec
1263 4105 1302 4156 vir

201 4177 344 4239 tegeretur,
354 4190 386 4227 ea
396 4175 550 4228 inviolabilis
559 4175 635 4228 foret.
653 4175 730 4230 Quod
770 4184 880 4232 arunas.
