<?xml version="1.0" encoding="UTF-8"?>
<!DOCTYPE html PUBLIC "-//W3C//DTD XHTML 1.0 Transitional//EN"
    "http://www.w3.org/TR/xhtml1/DTD/xhtml1-transitional.dtd">
<html xmlns="http://www.w3.org/1999/xhtml" xml:lang="en" lang="en">
 <head>
  <title>
</title>
<meta http-equiv="Content-Type" content="text/html;charset=utf-8" />
  <meta name='ocr-system' content='tesseract 3.04.00' />
  <meta name='ocr-capabilities' content='ocr_page ocr_carea ocr_par ocr_line ocrx_word'/>
</head>
<body>
  <div class='ocr_page' id='page_1' title='image "./povidiinasoniso07burmgoog_0426.png"; bbox 0 0 2866 4772; ppageno 0'>
   <div class='ocr_carea' id='block_1_1' title="bbox 414 331 1251 402">
    <p class='ocr_par' dir='ltr' id='par_1_1' title="bbox 414 331 1251 402">
     <span class='ocr_line' id='line_1_1' title="bbox 414 331 1251 402; baseline 0.008 -7"><span class='ocrx_word' id='word_1_1' title='bbox 414 349 772 402; x_wconf 78' lang='lat' dir='ltr'>unnsuonruosnou</span> <span class='ocrx_word' id='word_1_2' title='bbox 798 351 872 401; x_wconf 78' lang='lat' dir='ltr'>run.</span> <span class='ocrx_word' id='word_1_3' title='bbox 896 352 952 400; x_wconf 75' lang='grc' dir='ltr'>ιιι.</span> <span class='ocrx_word' id='word_1_4' title='bbox 1145 331 1251 402; x_wconf 75' lang='lat'>1491’</span> 
     </span>
    </p>
   </div>
   <div class='ocr_carea' id='block_1_2' title="bbox 210 709 1159 799">
    <p class='ocr_par' dir='ltr' id='par_1_2' title="bbox 210 709 1159 799">
     <span class='ocr_line' id='line_1_2' title="bbox 210 709 1159 799; baseline 0.004 -23"><span class='ocrx_word' id='word_1_5' title='bbox 210 711 301 777; x_wconf 70' lang='lat' dir='ltr'>Fun.</span> <span class='ocrx_word' id='word_1_6' title='bbox 324 711 373 777; x_wconf 82' lang='lat' dir='ltr'>x;</span> <span class='ocrx_word' id='word_1_7' title='bbox 430 709 526 797; x_wconf 80' lang='lat' dir='ltr'>Ceyx</span> <span class='ocrx_word' id='word_1_8' title='bbox 541 719 573 779; x_wconf 90' lang='lat' dir='ltr'>et</span> <span class='ocrx_word' id='word_1_9' title='bbox 589 713 766 799; x_wconf 80' lang='lat' dir='ltr'><strong>Halcyone</strong></span> <span class='ocrx_word' id='word_1_10' title='bbox 783 715 817 779; x_wconf 92' lang='lat' dir='ltr'>in</span> <span class='ocrx_word' id='word_1_11' title='bbox 831 713 923 779; x_wconf 87' lang='lat' dir='ltr'>Aves</span> <span class='ocrx_word' id='word_1_12' title='bbox 939 715 992 779; x_wconf 89' lang='lat' dir='ltr'>sui</span> <span class='ocrx_word' id='word_1_13' title='bbox 1005 715 1159 780; x_wconf 86' lang='lat' dir='ltr'>nominis.</span> 
     </span>
    </p>
   </div>
   <div class='ocr_carea' id='block_1_3' title="bbox 125 875 1243 2256">
    <p class='ocr_par' dir='ltr' id='par_1_3' title="bbox 125 875 1243 2220">
     <span class='ocr_line' id='line_1_3' title="bbox 133 875 1237 943; baseline 0.004 -19"><span class='ocrx_word' id='word_1_14' title='bbox 133 875 228 938; x_wconf 74' lang='lat' dir='ltr'>Crux,</span> <span class='ocrx_word' id='word_1_15' title='bbox 249 875 362 928; x_wconf 84' lang='lat' dir='ltr'>Luciferi</span> <span class='ocrx_word' id='word_1_16' title='bbox 379 877 458 939; x_wconf 85' lang='lat' dir='ltr'>tilius,</span> <span class='ocrx_word' id='word_1_17' title='bbox 479 879 604 943; x_wconf 78' lang='lat' dir='ltr'>prodigiis</span> <span class='ocrx_word' id='word_1_18' title='bbox 626 879 748 942; x_wconf 84' lang='lat' dir='ltr'>agitatus,</span> <span class='ocrx_word' id='word_1_19' title='bbox 767 879 888 928; x_wconf 87' lang='lat' dir='ltr'>Miletum</span> <span class='ocrx_word' id='word_1_20' title='bbox 908 877 941 926; x_wconf 85' lang='lat' dir='ltr'>ad</span> <span class='ocrx_word' id='word_1_21' title='bbox 958 877 1088 928; x_wconf 88' lang='lat' dir='ltr'>oraculum</span> <span class='ocrx_word' id='word_1_22' title='bbox 1107 878 1237 942; x_wconf 76' lang='lat' dir='ltr'>Apollinis</span> 
     </span>
     <span class='ocr_line' id='line_1_4' title="bbox 168 948 1237 1022; baseline 0.004 -18"><span class='ocrx_word' id='word_1_23' title='bbox 168 957 303 1020; x_wconf 84' lang='lat' dir='ltr'>(quoniam</span> <span class='ocrx_word' id='word_1_24' title='bbox 315 948 432 1020; x_wconf 80' lang='lat' dir='ltr'><strong>Delphos</strong></span> <span class='ocrx_word' id='word_1_25' title='bbox 451 959 566 1008; x_wconf 80' lang='lat' dir='ltr'>Phorbas</span> <span class='ocrx_word' id='word_1_26' title='bbox 577 967 632 1008; x_wconf 90' lang='lat' dir='ltr'>cutn</span> <span class='ocrx_word' id='word_1_27' title='bbox 648 957 770 1022; x_wconf 79' lang='lat' dir='ltr'><strong>Phlegyis</strong></span> <span class='ocrx_word' id='word_1_28' title='bbox 788 956 942 1020; x_wconf 81' lang='lat' dir='ltr'>infestabat)</span> <span class='ocrx_word' id='word_1_29' title='bbox 957 957 1105 1007; x_wconf 77' lang='lat' dir='ltr'>contendit:</span> <span class='ocrx_word' id='word_1_30' title='bbox 1124 959 1237 1021; x_wconf 79' lang='lat' dir='ltr'>conjugi·</span> 
     </span>
     <span class='ocr_line' id='line_1_5' title="bbox 127 1035 1238 1102; baseline 0.001 -17"><span class='ocrx_word' id='word_1_31' title='bbox 127 1077 131 1093; x_wconf 85' lang='lat'>‚</span> <span class='ocrx_word' id='word_1_32' title='bbox 168 1051 220 1100; x_wconf 86' lang='lat' dir='ltr'>qne</span> <span class='ocrx_word' id='word_1_33' title='bbox 238 1037 382 1101; x_wconf 71' lang='lat' dir='ltr'>Halcyone</span> <span class='ocrx_word' id='word_1_34' title='bbox 402 1037 550 1099; x_wconf 80' lang='lat' dir='ltr'>AEolitilirr,</span> <span class='ocrx_word' id='word_1_35' title='bbox 562 1040 676 1088; x_wconf 81' lang='lat' dir='ltr'>tardanti</span> <span class='ocrx_word' id='word_1_36' title='bbox 694 1037 878 1102; x_wconf 84' lang='lat' dir='ltr'>profectionem</span> <span class='ocrx_word' id='word_1_37' title='bbox 895 1036 927 1086; x_wconf 90' lang='lat' dir='ltr'>ob</span> <span class='ocrx_word' id='word_1_38' title='bbox 941 1038 1106 1098; x_wconf 86' lang='lat' dir='ltr'>desiderium,</span> <span class='ocrx_word' id='word_1_39' title='bbox 1117 1035 1238 1099; x_wconf 83' lang='lat' dir='ltr'>affirmat,</span> 
     </span>
     <span class='ocr_line' id='line_1_6' title="bbox 157 1105 1238 1181; baseline 0 -15"><span class='ocrx_word' id='word_1_40' title='bbox 157 1105 238 1166; x_wconf 48' lang='lat' dir='ltr'>&#39;intra</span> <span class='ocrx_word' id='word_1_41' title='bbox 259 1117 369 1166; x_wconf 79' lang='lat' dir='ltr'>alterum</span> <span class='ocrx_word' id='word_1_42' title='bbox 387 1132 500 1168; x_wconf 80' lang='lat' dir='ltr'>mensem</span> <span class='ocrx_word' id='word_1_43' title='bbox 519 1133 548 1168; x_wconf 85' lang='lat' dir='ltr'>se</span> <span class='ocrx_word' id='word_1_44' title='bbox 571 1134 739 1169; x_wconf 85' lang='lat' dir='ltr'>reversurum.</span> <span class='ocrx_word' id='word_1_45' title='bbox 783 1119 859 1172; x_wconf 83' lang='lat' dir='ltr'>Quod</span> <span class='ocrx_word' id='word_1_46' title='bbox 878 1125 908 1167; x_wconf 93' lang='lat' dir='ltr'>nt</span> <span class='ocrx_word' id='word_1_47' title='bbox 927 1133 978 1167; x_wconf 88' lang='lat' dir='ltr'>non</span> <span class='ocrx_word' id='word_1_48' title='bbox 997 1126 1084 1181; x_wconf 80' lang='lat' dir='ltr'>posset</span> <span class='ocrx_word' id='word_1_49' title='bbox 1105 1119 1238 1180; x_wconf 73' lang='lat' dir='ltr'>prestere,</span> 
     </span>
     <span class='ocr_line' id='line_1_7' title="bbox 168 1197 1240 1264; baseline 0.002 -18"><span class='ocrx_word' id='word_1_50' title='bbox 168 1197 304 1262; x_wconf 72' lang='lat' dir='ltr'>nerrfregio</span> <span class='ocrx_word' id='word_1_51' title='bbox 319 1199 397 1249; x_wconf 82' lang='lat' dir='ltr'>vitem</span> <span class='ocrx_word' id='word_1_52' title='bbox 417 1201 511 1260; x_wconf 74' lang='lat' dir='ltr'>amisit,</span> <span class='ocrx_word' id='word_1_53' title='bbox 528 1201 602 1264; x_wconf 87' lang='lat' dir='ltr'>cujus</span> <span class='ocrx_word' id='word_1_54' title='bbox 614 1201 752 1249; x_wconf 80' lang='lat' dir='ltr'>adventum</span> <span class='ocrx_word' id='word_1_55' title='bbox 763 1215 822 1248; x_wconf 90' lang='lat' dir='ltr'>cum</span> <span class='ocrx_word' id='word_1_56' title='bbox 834 1199 878 1248; x_wconf 83' lang='lat' dir='ltr'>illa</span> <span class='ocrx_word' id='word_1_57' title='bbox 892 1199 1052 1248; x_wconf 74' lang='lat' dir='ltr'>desideraret</span> <span class='ocrx_word' id='word_1_58' title='bbox 1064 1212 1240 1262; x_wconf 64' lang='lat' dir='ltr'>nonrespon·</span> 
     </span>
     <span class='ocr_line' id='line_1_8' title="bbox 169 1275 1240 1342; baseline 0.004 -18"><span class='ocrx_word' id='word_1_59' title='bbox 169 1277 274 1325; x_wconf 87' lang='lat' dir='ltr'>dentem</span> <span class='ocrx_word' id='word_1_60' title='bbox 287 1278 399 1340; x_wconf 76' lang='lat' dir='ltr'>tempori</span> <span class='ocrx_word' id='word_1_61' title='bbox 410 1278 548 1336; x_wconf 84' lang='lat' dir='ltr'>destinato,</span> <span class='ocrx_word' id='word_1_62' title='bbox 565 1280 626 1327; x_wconf 89' lang='lat' dir='ltr'>etin</span> <span class='ocrx_word' id='word_1_63' title='bbox 639 1278 694 1327; x_wconf 87' lang='lat' dir='ltr'>dies</span> <span class='ocrx_word' id='word_1_64' title='bbox 707 1280 857 1342; x_wconf 83' lang='lat' dir='ltr'>gravissimo</span> <span class='ocrx_word' id='word_1_65' title='bbox 870 1278 941 1327; x_wconf 92' lang='lat' dir='ltr'>luctu</span> <span class='ocrx_word' id='word_1_66' title='bbox 954 1275 1119 1338; x_wconf 82' lang='lat' dir='ltr'>afficeretur3</span> <span class='ocrx_word' id='word_1_67' title='bbox 1141 1279 1240 1329; x_wconf 86' lang='lat' dir='ltr'>miseri-</span> 
     </span>
     <span class='ocr_line' id='line_1_9' title="bbox 169 1355 1238 1421; baseline 0.003 -17"><span class='ocrx_word' id='word_1_68' title='bbox 169 1355 261 1404; x_wconf 86' lang='lat' dir='ltr'>cordia</span> <span class='ocrx_word' id='word_1_69' title='bbox 274 1356 392 1418; x_wconf 83' lang='lat' dir='ltr'>Jnnouis,</span> <span class='ocrx_word' id='word_1_70' title='bbox 402 1373 478 1421; x_wconf 84' lang='lat' dir='ltr'>quam</span> <span class='ocrx_word' id='word_1_71' title='bbox 497 1357 606 1406; x_wconf 80' lang='lat' dir='ltr'>assiduis</span> <span class='ocrx_word' id='word_1_72' title='bbox 617 1359 737 1421; x_wconf 88' lang='lat' dir='ltr'>precibus</span> <span class='ocrx_word' id='word_1_73' title='bbox 749 1357 883 1420; x_wconf 76' lang='lat' dir='ltr'>fatigabat,</span> <span class='ocrx_word' id='word_1_74' title='bbox 895 1372 941 1420; x_wconf 85' lang='lat' dir='ltr'>per</span> <span class='ocrx_word' id='word_1_75' title='bbox 958 1359 1071 1421; x_wconf 87' lang='lat' dir='ltr'>quietem</span> <span class='ocrx_word' id='word_1_76' title='bbox 1082 1358 1191 1407; x_wconf 87' lang='lat' dir='ltr'>Somnus</span> <span class='ocrx_word' id='word_1_77' title='bbox 1205 1358 1238 1418; x_wconf 84' lang='lat' dir='ltr'>ad</span> 
     </span>
     <span class='ocr_line' id='line_1_10' title="bbox 125 1433 1240 1500; baseline 0.004 -17"><span class='ocrx_word' id='word_1_78' title='bbox 125 1477 129 1483; x_wconf 88' lang='lat'><em>.</em></span> <span class='ocrx_word' id='word_1_79' title='bbox 168 1435 292 1484; x_wconf 89' lang='lat' dir='ltr'>iudicium</span> <span class='ocrx_word' id='word_1_80' title='bbox 304 1434 452 1484; x_wconf 84' lang='lat' dir='ltr'>faciendum</span> <span class='ocrx_word' id='word_1_81' title='bbox 463 1433 543 1485; x_wconf 83' lang='lat' dir='ltr'>filium</span> <span class='ocrx_word' id='word_1_82' title='bbox 562 1437 642 1499; x_wconf 87' lang='lat' dir='ltr'>ipsius</span> <span class='ocrx_word' id='word_1_83' title='bbox 654 1439 790 1500; x_wconf 79' lang='lat' dir='ltr'>Morphea,</span> <span class='ocrx_word' id='word_1_84' title='bbox 807 1437 960 1487; x_wconf 78' lang='lat' dir='ltr'>imitatorem</span> <span class='ocrx_word' id='word_1_85' title='bbox 971 1436 1120 1500; x_wconf 69' lang='lat' dir='ltr'>figurarum,</span> <span class='ocrx_word' id='word_1_86' title='bbox 1135 1434 1240 1487; x_wconf 84' lang='lat' dir='ltr'>mittere</span> 
     </span>
     <span class='ocr_line' id='line_1_11' title="bbox 163 1513 1241 1584; baseline 0.006 -22"><span class='ocrx_word' id='word_1_87' title='bbox 163 1514 262 1577; x_wconf 84' lang='lat' dir='ltr'>jussus,</span> <span class='ocrx_word' id='word_1_88' title='bbox 278 1515 352 1576; x_wconf 83' lang='lat' dir='ltr'>eujus</span> <span class='ocrx_word' id='word_1_89' title='bbox 371 1513 483 1564; x_wconf 77' lang='lat' dir='ltr'>fratcre</span> <span class='ocrx_word' id='word_1_90' title='bbox 500 1517 559 1564; x_wconf 88' lang='lat' dir='ltr'>Diis</span> <span class='ocrx_word' id='word_1_91' title='bbox 579 1517 673 1576; x_wconf 79' lang='lat' dir='ltr'>Icelus,</span> <span class='ocrx_word' id='word_1_92' title='bbox 684 1517 716 1566; x_wconf 86' lang='lat' dir='ltr'>nb</span> <span class='ocrx_word' id='word_1_93' title='bbox 732 1516 876 1567; x_wconf 84' lang='lat' dir='ltr'>hominibus</span> <span class='ocrx_word' id='word_1_94' title='bbox 895 1517 1029 1566; x_wconf 83' lang='lat' dir='ltr'>Phobetnr</span> <span class='ocrx_word' id='word_1_95' title='bbox 1045 1519 1201 1584; x_wconf 68' lang='lat' dir='ltr'>appellatur,</span> <span class='ocrx_word' id='word_1_96' title='bbox 1213 1525 1241 1568; x_wconf 85' lang='lat' dir='ltr'>et</span> 
     </span>
     <span class='ocr_line' id='line_1_12' title="bbox 132 1593 1243 1660; baseline 0.009 -20"><span class='ocrx_word' id='word_1_97' title='bbox 132 1614 138 1622; x_wconf 93' lang='lat'><strong>·</strong></span> <span class='ocrx_word' id='word_1_98' title='bbox 168 1594 247 1654; x_wconf 85' lang='lat' dir='ltr'>alter,</span> <span class='ocrx_word' id='word_1_99' title='bbox 260 1593 300 1656; x_wconf 84' lang='lat' dir='ltr'>qui</span> <span class='ocrx_word' id='word_1_100' title='bbox 314 1593 549 1656; x_wconf 73' lang='lat' dir='ltr'>inveriasfignres</span> <span class='ocrx_word' id='word_1_101' title='bbox 553 1595 634 1650; x_wconf 80' lang='lat' dir='ltr'>abire</span> <span class='ocrx_word' id='word_1_102' title='bbox 633 1597 789 1660; x_wconf 81' lang='lat' dir='ltr'>solitusert,</span> <span class='ocrx_word' id='word_1_103' title='bbox 799 1599 952 1650; x_wconf 79' lang='lat' dir='ltr'>Phantasus.</span> <span class='ocrx_word' id='word_1_104' title='bbox 986 1595 1243 1660; x_wconf 77' lang='lat' dir='ltr'>illeigitur&#39;l&#39;raclri·</span> 
     </span>
     <span class='ocr_line' id='line_1_13' title="bbox 168 1663 1242 1740; baseline 0.008 -18"><span class='ocrx_word' id='word_1_105' title='bbox 168 1687 228 1722; x_wconf 90' lang='lat' dir='ltr'>nem</span> <span class='ocrx_word' id='word_1_106' title='bbox 246 1673 278 1721; x_wconf 81' lang='lat' dir='ltr'>ad</span> <span class='ocrx_word' id='word_1_107' title='bbox 297 1663 455 1736; x_wconf 84' lang='lat' dir='ltr'>Halcyonrm</span> <span class='ocrx_word' id='word_1_108' title='bbox 467 1674 557 1721; x_wconf 83' lang='lat' dir='ltr'>missus</span> <span class='ocrx_word' id='word_1_109' title='bbox 569 1681 617 1735; x_wconf 84' lang='lat' dir='ltr'>est,</span> <span class='ocrx_word' id='word_1_110' title='bbox 635 1689 691 1737; x_wconf 85' lang='lat' dir='ltr'>quae</span> <span class='ocrx_word' id='word_1_111' title='bbox 710 1690 742 1723; x_wconf 90' lang='lat' dir='ltr'>ex</span> <span class='ocrx_word' id='word_1_112' title='bbox 761 1689 791 1724; x_wconf 90' lang='lat' dir='ltr'>eo</span> <span class='ocrx_word' id='word_1_113' title='bbox 807 1677 940 1739; x_wconf 83' lang='lat' dir='ltr'>conjugem</span> <span class='ocrx_word' id='word_1_114' title='bbox 959 1677 1087 1740; x_wconf 87' lang='lat' dir='ltr'>comperit</span> <span class='ocrx_word' id='word_1_115' title='bbox 1104 1678 1242 1732; x_wconf 83' lang='lat' dir='ltr'>interiisse.</span> 
     </span>
     <span class='ocr_line' id='line_1_14' title="bbox 169 1753 1240 1823; baseline 0.008 -22"><span class='ocrx_word' id='word_1_116' title='bbox 169 1753 287 1802; x_wconf 76' lang='lat' dir='ltr'>Excusso</span> <span class='ocrx_word' id='word_1_117' title='bbox 298 1759 370 1816; x_wconf 76' lang='lat' dir='ltr'>ergo·</span> <span class='ocrx_word' id='word_1_118' title='bbox 380 1767 481 1820; x_wconf 76' lang='lat' dir='ltr'>sopore,</span> <span class='ocrx_word' id='word_1_119' title='bbox 493 1754 578 1802; x_wconf 85' lang='lat' dir='ltr'>lumen</span> <span class='ocrx_word' id='word_1_120' title='bbox 596 1753 711 1803; x_wconf 83' lang='lat' dir='ltr'>inferri</span> <span class='ocrx_word' id='word_1_121' title='bbox 700 1757 788 1818; x_wconf 88' lang='lat' dir='ltr'>Jussit.</span> <span class='ocrx_word' id='word_1_122' title='bbox 822 1757 968 1806; x_wconf 80' lang='lat' dir='ltr'>Novissime</span> <span class='ocrx_word' id='word_1_123' title='bbox 986 1755 1017 1805; x_wconf 85' lang='lat' dir='ltr'>ad</span> <span class='ocrx_word' id='word_1_124' title='bbox 1030 1757 1102 1806; x_wconf 87' lang='lat' dir='ltr'>littus</span> <span class='ocrx_word' id='word_1_125' title='bbox 1114 1757 1240 1823; x_wconf 80' lang='lat' dir='ltr'>decurrit,</span> 
     </span>
     <span class='ocr_line' id='line_1_15' title="bbox 168 1827 1240 1904; baseline 0.009 -22"><span class='ocrx_word' id='word_1_126' title='bbox 168 1834 214 1882; x_wconf 88' lang='lat' dir='ltr'>nbi</span> <span class='ocrx_word' id='word_1_127' title='bbox 230 1833 299 1883; x_wconf 89' lang='lat' dir='ltr'>illnm</span> <span class='ocrx_word' id='word_1_128' title='bbox 317 1835 457 1883; x_wconf 81' lang='lat' dir='ltr'>dimiserat.</span> <span class='ocrx_word' id='word_1_129' title='bbox 489 1835 524 1884; x_wconf 87' lang='lat' dir='ltr'>Et</span> <span class='ocrx_word' id='word_1_130' title='bbox 544 1841 572 1884; x_wconf 92' lang='lat' dir='ltr'>nt</span> <span class='ocrx_word' id='word_1_131' title='bbox 587 1835 711 1900; x_wconf 67' lang='lat' dir='ltr'>&#39;naufragi</span> <span class='ocrx_word' id='word_1_132' title='bbox 731 1839 849 1888; x_wconf 83' lang='lat' dir='ltr'>exanime</span> <span class='ocrx_word' id='word_1_133' title='bbox 866 1853 961 1902; x_wconf 88' lang='lat' dir='ltr'>corpus</span> <span class='ocrx_word' id='word_1_134' title='bbox 977 1837 1103 1889; x_wconf 87' lang='lat' dir='ltr'>fluctuare</span> <span class='ocrx_word' id='word_1_135' title='bbox 1122 1827 1240 1904; x_wconf 73' lang='lat' dir='ltr'>proximo</span> 
     </span>
     <span class='ocr_line' id='line_1_16' title="bbox 169 1913 1243 1982; baseline 0.01 -22"><span class='ocrx_word' id='word_1_136' title='bbox 169 1913 260 1963; x_wconf 88' lang='lat' dir='ltr'>littore</span> <span class='ocrx_word' id='word_1_137' title='bbox 273 1915 416 1977; x_wconf 78' lang='lat' dir='ltr'>perspexit,</span> <span class='ocrx_word' id='word_1_138' title='bbox 428 1915 454 1962; x_wconf 89' lang='lat' dir='ltr'>in</span> <span class='ocrx_word' id='word_1_139' title='bbox 462 1913 569 1978; x_wconf 77' lang='lat' dir='ltr'>figurem</span> <span class='ocrx_word' id='word_1_140' title='bbox 582 1917 695 1966; x_wconf 84' lang='lat' dir='ltr'>volucris</span> <span class='ocrx_word' id='word_1_141' title='bbox 707 1918 786 1966; x_wconf 85' lang='lat' dir='ltr'>AEolis</span> <span class='ocrx_word' id='word_1_142' title='bbox 798 1919 888 1981; x_wconf 87' lang='lat' dir='ltr'>cessit,</span> <span class='ocrx_word' id='word_1_143' title='bbox 903 1934 960 1982; x_wconf 78' lang='lat' dir='ltr'>qnnr</span> <span class='ocrx_word' id='word_1_144' title='bbox 973 1919 1007 1968; x_wconf 90' lang='lat' dir='ltr'>ab</span> <span class='ocrx_word' id='word_1_145' title='bbox 1017 1920 1072 1982; x_wconf 79' lang='lat' dir='ltr'>ejus</span> <span class='ocrx_word' id='word_1_146' title='bbox 1083 1921 1185 1970; x_wconf 86' lang='lat' dir='ltr'>nomine</span> <span class='ocrx_word' id='word_1_147' title='bbox 1197 1937 1243 1971; x_wconf 82' lang='lat' dir='ltr'>vo·</span> 
     </span>
     <span class='ocr_line' id='line_1_17' title="bbox 132 1994 1242 2060; baseline 0.008 -19"><span class='ocrx_word' id='word_1_148' title='bbox 132 1996 137 2012; x_wconf 75' lang='lat'>⁸</span> <span class='ocrx_word' id='word_1_149' title='bbox 169 1999 253 2042; x_wconf 83' lang='lat' dir='ltr'>eatur.</span> <span class='ocrx_word' id='word_1_150' title='bbox 295 1994 326 2042; x_wconf 92' lang='lat' dir='ltr'>In</span> <span class='ocrx_word' id='word_1_151' title='bbox 347 1994 455 2043; x_wconf 82' lang='lat' dir='ltr'>eandem</span> <span class='ocrx_word' id='word_1_152' title='bbox 479 1996 592 2058; x_wconf 84' lang='lat' dir='ltr'>speciem</span> <span class='ocrx_word' id='word_1_153' title='bbox 611 2010 704 2059; x_wconf 87' lang='lat' dir='ltr'>corpus</span> <span class='ocrx_word' id='word_1_154' title='bbox 726 1997 819 2060; x_wconf 87' lang='lat' dir='ltr'>Ceycis</span> <span class='ocrx_word' id='word_1_155' title='bbox 840 2004 881 2046; x_wconf 85' lang='lat' dir='ltr'>est</span> <span class='ocrx_word' id='word_1_156' title='bbox 901 2010 1013 2047; x_wconf 82' lang='lat' dir='ltr'>remum.</span> <span class='ocrx_word' id='word_1_157' title='bbox 1054 1997 1105 2046; x_wconf 76' lang='lat' dir='ltr'>Har</span> <span class='ocrx_word' id='word_1_158' title='bbox 1123 2001 1242 2049; x_wconf 86' lang='lat' dir='ltr'>volucres</span> 
     </span>
     <span class='ocr_line' id='line_1_18' title="bbox 140 2063 1242 2146; baseline 0.006 -25"><span class='ocrx_word' id='word_1_159' title='bbox 140 2063 144 2070; x_wconf 77' lang='grc'><strong>’</strong></span> <span class='ocrx_word' id='word_1_160' title='bbox 169 2073 284 2136; x_wconf 78' lang='lat' dir='ltr'>hyberno</span> <span class='ocrx_word' id='word_1_161' title='bbox 297 2081 411 2136; x_wconf 88' lang='lat' dir='ltr'>tempore</span> <span class='ocrx_word' id='word_1_162' title='bbox 423 2089 468 2136; x_wconf 86' lang='lat' dir='ltr'>per</span> <span class='ocrx_word' id='word_1_163' title='bbox 483 2083 583 2138; x_wconf 85' lang='lat' dir='ltr'>septem</span> <span class='ocrx_word' id='word_1_164' title='bbox 595 2073 650 2123; x_wconf 89' lang='lat' dir='ltr'>dies</span> <span class='ocrx_word' id='word_1_165' title='bbox 668 2075 694 2122; x_wconf 91' lang='lat' dir='ltr'>iu</span> <span class='ocrx_word' id='word_1_166' title='bbox 711 2089 781 2124; x_wconf 91' lang='lat' dir='ltr'>mare</span> <span class='ocrx_word' id='word_1_167' title='bbox 798 2075 887 2124; x_wconf 87' lang='lat' dir='ltr'>nidum</span> <span class='ocrx_word' id='word_1_168' title='bbox 907 2082 1016 2140; x_wconf 86' lang='lat' dir='ltr'>ponunt,</span> <span class='ocrx_word' id='word_1_169' title='bbox 1036 2077 1180 2142; x_wconf 84' lang='lat' dir='ltr'>pullosque,</span> <span class='ocrx_word' id='word_1_170' title='bbox 1196 2080 1242 2146; x_wconf 92' lang='lat' dir='ltr'>qui</span> 
     </span>
     <span class='ocr_line' id='line_1_19' title="bbox 132 2154 943 2256; baseline 0.006 -54"><span class='ocrx_word' id='word_1_171' title='bbox 132 2187 137 2196; x_wconf 85' lang='lat'><em>·</em></span> <span class='ocrx_word' id='word_1_172' title='bbox 170 2164 246 2206; x_wconf 77' lang='lat' dir='ltr'>catus</span> <span class='ocrx_word' id='word_1_173' title='bbox 256 2169 359 2203; x_wconf 87' lang='lat' dir='ltr'>suornm</span> <span class='ocrx_word' id='word_1_174' title='bbox 372 2155 495 2217; x_wconf 82' lang='lat' dir='ltr'>majorum</span> <span class='ocrx_word' id='word_1_175' title='bbox 507 2154 671 2218; x_wconf 80' lang='lat' dir='ltr'>deplorent,¹</span> <span class='ocrx_word' id='word_1_176' title='bbox 666 2170 691 2203; x_wconf 92' lang='lat' dir='ltr'>m</span> <span class='ocrx_word' id='word_1_177' title='bbox 702 2155 789 2205; x_wconf 90' lang='lat' dir='ltr'>littore</span> <span class='ocrx_word' id='word_1_178' title='bbox 801 2163 943 2256; x_wconf 85' lang='lat' dir='ltr'>exponunt.</span> 
     </span>
    </p>
   </div>
   <div class='ocr_carea' id='block_1_4' title="bbox 133 2283 1241 2699">
    <p class='ocr_par' dir='ltr' id='par_1_4' title="bbox 133 2283 1241 2493">
     <span class='ocr_line' id='line_1_20' title="bbox 133 2283 1241 2392; baseline 0.004 -22"><span class='ocrx_word' id='word_1_179' title='bbox 133 2283 322 2386; x_wconf 72' lang='lat' dir='ltr'>[Iunones</span> <span class='ocrx_word' id='word_1_180' title='bbox 339 2307 515 2390; x_wconf 83' lang='lat' dir='ltr'>fratrisque</span> <span class='ocrx_word' id='word_1_181' title='bbox 531 2309 595 2385; x_wconf 90' lang='lat' dir='ltr'>sui,</span> <span class='ocrx_word' id='word_1_182' title='bbox 610 2309 809 2392; x_wconf 83' lang='lat' dir='ltr'>fratremque</span> <span class='ocrx_word' id='word_1_183' title='bbox 825 2310 951 2378; x_wconf 78' lang='lat' dir='ltr'>secutis</span> <span class='ocrx_word' id='word_1_184' title='bbox 1175 2311 1241 2375; x_wconf 71' lang='lat'>410</span> 
     </span>
     <span class='ocr_line' id='line_1_21' title="bbox 133 2400 866 2493; baseline -0.005 -14.984"><span class='ocrx_word' id='word_1_185' title='bbox 133 2400 254 2478; x_wconf 78' lang='lat' dir='ltr'>Anxie</span> <span class='ocrx_word' id='word_1_186' title='bbox 267 2409 427 2493; x_wconf 85' lang='lat' dir='ltr'>prodigiis</span> <span class='ocrx_word' id='word_1_187' title='bbox 442 2411 552 2472; x_wconf 85' lang='lat' dir='ltr'>turbet</span> <span class='ocrx_word' id='word_1_188' title='bbox 539 2415 592 2472; x_wconf 88' lang='lat' dir='ltr'>tus</span> <span class='ocrx_word' id='word_1_189' title='bbox 608 2417 744 2492; x_wconf 84' lang='lat' dir='ltr'>pectore</span> <span class='ocrx_word' id='word_1_190' title='bbox 756 2410 866 2493; x_wconf 81' lang='lat' dir='ltr'>Ceyx,</span> 
     </span>
    </p>

    <p class='ocr_par' dir='ltr' id='par_1_5' title="bbox 137 2511 1058 2592">
     <span class='ocr_line' id='line_1_22' title="bbox 137 2511 1058 2592; baseline -0.001 -14"><span class='ocrx_word' id='word_1_191' title='bbox 137 2513 302 2578; x_wconf 86' lang='lat' dir='ltr'>Consulat</span> <span class='ocrx_word' id='word_1_192' title='bbox 315 2519 354 2576; x_wconf 87' lang='lat' dir='ltr'>ut</span> <span class='ocrx_word' id='word_1_193' title='bbox 367 2531 489 2589; x_wconf 84' lang='lat' dir='ltr'>sacres,</span> <span class='ocrx_word' id='word_1_194' title='bbox 504 2511 676 2574; x_wconf 90' lang='lat' dir='ltr'>hominnm</span> <span class='ocrx_word' id='word_1_195' title='bbox 691 2511 922 2592; x_wconf 85' lang='lat' dir='ltr'>oblectamina,</span> <span class='ocrx_word' id='word_1_196' title='bbox 938 2516 1058 2591; x_wconf 88' lang='lat' dir='ltr'>sortes,</span> 
     </span>
    </p>

    <p class='ocr_par' dir='ltr' id='par_1_6' title="bbox 137 2609 1090 2699">
     <span class='ocr_line' id='line_1_23' title="bbox 137 2609 1090 2699; baseline 0 -19"><span class='ocrx_word' id='word_1_197' title='bbox 137 2610 195 2680; x_wconf 85' lang='lat' dir='ltr'>Ad</span> <span class='ocrx_word' id='word_1_198' title='bbox 211 2609 359 2680; x_wconf 80' lang='lat' dir='ltr'>Clarium</span> <span class='ocrx_word' id='word_1_199' title='bbox 374 2622 471 2696; x_wconf 87' lang='lat' dir='ltr'>peret</span> <span class='ocrx_word' id='word_1_200' title='bbox 484 2614 530 2676; x_wconf 88' lang='lat' dir='ltr'>ire</span> <span class='ocrx_word' id='word_1_201' title='bbox 546 2614 675 2696; x_wconf 88' lang='lat' dir='ltr'>Deum·</span> <span class='ocrx_word' id='word_1_202' title='bbox 698 2633 775 2690; x_wconf 86' lang='lat' dir='ltr'>nem</span> <span class='ocrx_word' id='word_1_203' title='bbox 791 2615 919 2698; x_wconf 84' lang='lat' dir='ltr'>templa</span> <span class='ocrx_word' id='word_1_204' title='bbox 933 2615 1090 2699; x_wconf 84' lang='lat' dir='ltr'>profanus</span> 
     </span>
    </p>
   </div>
   <div class='ocr_carea' id='block_1_5' title="bbox 134 2763 1245 2940">
    <p class='ocr_par' dir='ltr' id='par_1_7' title="bbox 135 2763 1242 2940">
     <span class='ocr_line' id='line_1_24' title="bbox 135 2763 1242 2872; baseline -0.004 -16"><span class='ocrx_word' id='word_1_205' title='bbox 135 2797 141 2812; x_wconf 77' lang='lat'>&#39;</span> <span class='ocrx_word' id='word_1_206' title='bbox 172 2821 200 2858; x_wconf 85' lang='lat' dir='ltr'>x.</span> <span class='ocrx_word' id='word_1_207' title='bbox 218 2809 311 2856; x_wconf 79' lang='lat' dir='ltr'>Interea</span> <span class='ocrx_word' id='word_1_208' title='bbox 329 2809 397 2872; x_wconf 75' lang='lat' dir='ltr'>Ceyx</span> <span class='ocrx_word' id='word_1_209' title='bbox 418 2763 542 2865; x_wconf 65' lang='lat' dir='ltr'>citeriore,</span> <span class='ocrx_word' id='word_1_210' title='bbox 559 2816 582 2858; x_wconf 82' lang='lat' dir='ltr'>et</span> <span class='ocrx_word' id='word_1_211' title='bbox 602 2811 688 2860; x_wconf 77' lang='lat' dir='ltr'>iubens</span> <span class='ocrx_word' id='word_1_212' title='bbox 703 2815 783 2872; x_wconf 81' lang='lat' dir='ltr'>peetus</span> <span class='ocrx_word' id='word_1_213' title='bbox 801 2765 916 2858; x_wconf 77' lang='lat' dir='ltr'>solicitam</span> <span class='ocrx_word' id='word_1_214' title='bbox 933 2809 1042 2856; x_wconf 82' lang='lat' dir='ltr'>monstris</span> <span class='ocrx_word' id='word_1_215' title='bbox 1053 2779 1201 2866; x_wconf 79' lang='lat' dir='ltr'>frutrireni,</span> <span class='ocrx_word' id='word_1_216' title='bbox 1218 2810 1242 2853; x_wconf 83' lang='lat' dir='ltr'>et</span> 
     </span>
     <span class='ocr_line' id='line_1_25' title="bbox 134 2865 1245 2940; baseline -0.005 -18.991"><span class='ocrx_word' id='word_1_217' title='bbox 134 2865 227 2926; x_wconf 64' lang='lat' dir='ltr'>sicutte</span> <span class='ocrx_word' id='word_1_218' title='bbox 243 2872 358 2934; x_wconf 81' lang='lat' dir='ltr'>fratrem,</span> <span class='ocrx_word' id='word_1_219' title='bbox 376 2874 498 2922; x_wconf 82' lang='lat' dir='ltr'>constitnit</span> <span class='ocrx_word' id='word_1_220' title='bbox 515 2875 632 2940; x_wconf 67' lang='lat' dir='ltr'>proticisci</span> <span class='ocrx_word' id='word_1_221' title='bbox 642 2877 673 2924; x_wconf 87' lang='lat' dir='ltr'>od</span> <span class='ocrx_word' id='word_1_222' title='bbox 688 2875 768 2923; x_wconf 81' lang='lat' dir='ltr'>Deum</span> <span class='ocrx_word' id='word_1_223' title='bbox 781 2873 915 2940; x_wconf 79' lang='lat' dir='ltr'>curtum,</span> <span class='ocrx_word' id='word_1_224' title='bbox 908 2878 934 2920; x_wconf 79' lang='lat' dir='ltr'>at</span> <span class='ocrx_word' id='word_1_225' title='bbox 946 2873 1050 2920; x_wconf 82' lang='lat' dir='ltr'>consuiot</span> <span class='ocrx_word' id='word_1_226' title='bbox 1060 2885 1152 2919; x_wconf 75' lang='lat' dir='ltr'>socrum</span> <span class='ocrx_word' id='word_1_227' title='bbox 1159 2883 1245 2926; x_wconf 79' lang='lat' dir='ltr'>oracu-</span> 
     </span>
    </p>
   </div>
   <div class='ocr_carea' id='block_1_6' title="bbox 605 3015 784 3036">
    <p class='ocr_par' dir='ltr' id='par_1_8' title="bbox 605 3015 784 3036">
     <span class='ocr_line' id='line_1_26' title="bbox 605 3015 784 3036; baseline -0.011 0"><span class='ocrx_word' id='word_1_228' title='bbox 605 3016 649 3036; x_wconf 69' lang='grc' dir='ltr'><strong><em>Μ</em></strong></span> <span class='ocrx_word' id='word_1_229' title='bbox 652 3015 784 3035; x_wconf 65' lang='grc' dir='ltr'>ΙΙΙΙΙΙΙΙΙ</span> 
     </span>
    </p>
   </div>
   <div class='ocr_carea' id='block_1_7' title="bbox 138 3053 1244 3240">
    <p class='ocr_par' dir='ltr' id='par_1_9' title="bbox 138 3053 1244 3240">
     <span class='ocr_line' id='line_1_27' title="bbox 138 3053 1244 3174; baseline -0.008 -9.984"><span class='ocrx_word' id='word_1_230' title='bbox 138 3115 191 3164; x_wconf 82' lang='lat' dir='ltr'>&#39;tari</span> <span class='ocrx_word' id='word_1_231' title='bbox 206 3114 293 3161; x_wconf 77' lang='lat' dir='ltr'>llurm.</span> <span class='ocrx_word' id='word_1_232' title='bbox 306 3117 485 3162; x_wconf 72' lang='lat' dir='ltr'>mones-tor</span> <span class='ocrx_word' id='word_1_233' title='bbox 502 3111 593 3160; x_wconf 88' lang='lat' dir='ltr'>Heius.</span> <span class='ocrx_word' id='word_1_234' title='bbox 613 3112 725 3160; x_wconf 84' lang='lat' dir='ltr'>malebat</span> <span class='ocrx_word' id='word_1_235' title='bbox 743 3110 805 3173; x_wconf 83' lang='lat' dir='ltr'>prof</span> <span class='ocrx_word' id='word_1_236' title='bbox 823 3111 1029 3160; x_wconf 73' lang='lat' dir='ltr'>considere—412</span> <span class='ocrx_word' id='word_1_237' title='bbox 1045 3109 1142 3174; x_wconf 84' lang='lat' dir='ltr'>Tenaq.</span> <span class='ocrx_word' id='word_1_238' title='bbox 1158 3053 1244 3158; x_wconf 81' lang='lat' dir='ltr'>Faber</span> 
     </span>
     <span class='ocr_line' id='line_1_28' title="bbox 140 3173 1244 3240; baseline -0.006 -12"><span class='ocrx_word' id='word_1_239' title='bbox 140 3177 243 3228; x_wconf 83' lang='lat' dir='ltr'>emend</span> <span class='ocrx_word' id='word_1_240' title='bbox 254 3177 340 3226; x_wconf 81' lang='lat' dir='ltr'>iamin.</span> <span class='ocrx_word' id='word_1_241' title='bbox 354 3175 493 3226; x_wconf 75' lang='lat' dir='ltr'>sotnminu-</span> <span class='ocrx_word' id='word_1_242' title='bbox 495 3180 555 3225; x_wconf 78' lang='lat'><strong>-413</strong></span> <span class='ocrx_word' id='word_1_243' title='bbox 573 3176 635 3240; x_wconf 80' lang='lat' dir='ltr'>Arg.</span> <span class='ocrx_word' id='word_1_244' title='bbox 646 3177 684 3225; x_wconf 78' lang='lat' dir='ltr'>Ad</span> <span class='ocrx_word' id='word_1_245' title='bbox 700 3177 805 3226; x_wconf 79' lang='lat' dir='ltr'>l’orium.</span> <span class='ocrx_word' id='word_1_246' title='bbox 822 3177 882 3225; x_wconf 86' lang='lat' dir='ltr'>Bas.</span> <span class='ocrx_word' id='word_1_247' title='bbox 899 3177 978 3238; x_wconf 83' lang='lat' dir='ltr'>templ.</span> <span class='ocrx_word' id='word_1_248' title='bbox 993 3173 1178 3238; x_wconf 79' lang='lat' dir='ltr'>proferri..·-4lt</span> <span class='ocrx_word' id='word_1_249' title='bbox 1196 3173 1244 3222; x_wconf 83' lang='lat' dir='ltr'>Fu-</span> 
     </span>
    </p>
   </div>
   <div class='ocr_carea' id='block_1_8' title="bbox 636 3320 746 3372">
    <p class='ocr_par' dir='ltr' id='par_1_10' title="bbox 636 3320 746 3372">
     <span class='ocr_line' id='line_1_29' title="bbox 636 3320 746 3372; baseline 0 -1"><span class='ocrx_word' id='word_1_250' title='bbox 636 3320 746 3372; x_wconf 82' lang='lat' dir='ltr'>NOTAE</span> 
     </span>
    </p>
   </div>
   <div class='ocr_carea' id='block_1_9' title="bbox 92 3433 1249 4258">
    <p class='ocr_par' dir='ltr' id='par_1_11' title="bbox 92 3433 1248 3574">
     <span class='ocr_line' id='line_1_30' title="bbox 139 3433 1248 3500; baseline -0.004 -14"><span class='ocrx_word' id='word_1_251' title='bbox 139 3434 328 3486; x_wconf 80' lang='lat' dir='ltr'>laisoPelenm</span> <span class='ocrx_word' id='word_1_252' title='bbox 341 3447 445 3482; x_wconf 81' lang='lat' dir='ltr'>uxorem</span> <span class='ocrx_word' id='word_1_253' title='bbox 463 3447 533 3482; x_wconf 86' lang='lat' dir='ltr'>suam</span> <span class='ocrx_word' id='word_1_254' title='bbox 546 3433 675 3496; x_wconf 82' lang='lat' dir='ltr'>Hippoly·</span> <span class='ocrx_word' id='word_1_255' title='bbox 739 3439 798 3484; x_wconf 70' lang='lat' dir='ltr'>tlt)</span> <span class='ocrx_word' id='word_1_256' title='bbox 815 3434 921 3498; x_wconf 71' lang='lat' dir='ltr'>Fratris]</span> <span class='ocrx_word' id='word_1_257' title='bbox 952 3433 1123 3500; x_wconf 79' lang='lat' dir='ltr'>Daedalionis,</span> <span class='ocrx_word' id='word_1_258' title='bbox 1138 3433 1248 3496; x_wconf 81' lang='lat' dir='ltr'>scilieet,</span> 
     </span>
     <span class='ocr_line' id='line_1_31' title="bbox 92 3502 1089 3574; baseline -0.002 -14"><span class='ocrx_word' id='word_1_259' title='bbox 92 3513 99 3522; x_wconf 92' lang='lat'>&#39;</span> <span class='ocrx_word' id='word_1_260' title='bbox 139 3517 187 3560; x_wconf 83' lang='lat' dir='ltr'>ten</span> <span class='ocrx_word' id='word_1_261' title='bbox 200 3509 233 3558; x_wconf 89' lang='lat' dir='ltr'>de</span> <span class='ocrx_word' id='word_1_262' title='bbox 253 3519 343 3570; x_wconf 87' lang='lat' dir='ltr'>stupro</span> <span class='ocrx_word' id='word_1_263' title='bbox 364 3509 541 3572; x_wconf 84' lang='lat' dir='ltr'>interpellasse</span> <span class='ocrx_word' id='word_1_264' title='bbox 553 3507 674 3558; x_wconf 84' lang='lat' dir='ltr'>credidis·</span> <span class='ocrx_word' id='word_1_265' title='bbox 716 3511 759 3573; x_wconf 89' lang='lat' dir='ltr'>qui</span> <span class='ocrx_word' id='word_1_266' title='bbox 769 3511 795 3558; x_wconf 92' lang='lat' dir='ltr'>in</span> <span class='ocrx_word' id='word_1_267' title='bbox 807 3511 957 3574; x_wconf 83' lang='lat' dir='ltr'>accipitrem</span> <span class='ocrx_word' id='word_1_268' title='bbox 966 3502 1089 3560; x_wconf 84' lang='lat' dir='ltr'>mutatus.</span> 
     </span>
    </p>

    <p class='ocr_par' dir='ltr' id='par_1_12' title="bbox 140 3585 1249 4258">
     <span class='ocr_line' id='line_1_32' title="bbox 140 3585 1248 3650; baseline -0.004 -14"><span class='ocrx_word' id='word_1_269' title='bbox 140 3594 192 3649; x_wconf 85' lang='lat' dir='ltr'>set,</span> <span class='ocrx_word' id='word_1_270' title='bbox 213 3592 291 3648; x_wconf 83' lang='lat' dir='ltr'>atque</span> <span class='ocrx_word' id='word_1_271' title='bbox 310 3599 341 3636; x_wconf 86' lang='lat' dir='ltr'>ea</span> <span class='ocrx_word' id='word_1_272' title='bbox 362 3600 439 3634; x_wconf 83' lang='lat' dir='ltr'>cause</span> <span class='ocrx_word' id='word_1_273' title='bbox 459 3585 493 3634; x_wconf 83' lang='lat' dir='ltr'>sd</span> <span class='ocrx_word' id='word_1_274' title='bbox 512 3585 674 3634; x_wconf 84' lang='lat' dir='ltr'>venationem</span> <span class='ocrx_word' id='word_1_275' title='bbox 749 3585 859 3636; x_wconf 80' lang='lat' dir='ltr'>Fratrem</span> <span class='ocrx_word' id='word_1_276' title='bbox 868 3587 963 3650; x_wconf 73' lang='lat' dir='ltr'>secatis]</span> <span class='ocrx_word' id='word_1_277' title='bbox 975 3585 1248 3649; x_wconf 80' lang='lat' dir='ltr'>luterfeetnntpotea</span> 
     </span>
     <span class='ocr_line' id='line_1_33' title="bbox 142 3660 1246 3724; baseline -0.004 -12"><span class='ocrx_word' id='word_1_278' title='bbox 142 3662 276 3718; x_wconf 87' lang='lat' dir='ltr'>eductum,</span> <span class='ocrx_word' id='word_1_279' title='bbox 297 3660 357 3708; x_wconf 86' lang='lat' dir='ltr'>dein</span> <span class='ocrx_word' id='word_1_280' title='bbox 380 3661 457 3710; x_wconf 80' lang='lat' dir='ltr'>ermis</span> <span class='ocrx_word' id='word_1_281' title='bbox 481 3661 627 3723; x_wconf 78' lang='lat' dir='ltr'>spoliatum,</span> <span class='ocrx_word' id='word_1_282' title='bbox 648 3661 675 3709; x_wconf 91' lang='lat' dir='ltr'>in</span> <span class='ocrx_word' id='word_1_283' title='bbox 715 3663 800 3712; x_wconf 82' lang='lat' dir='ltr'>Dione</span> <span class='ocrx_word' id='word_1_284' title='bbox 817 3663 929 3724; x_wconf 69' lang='lat' dir='ltr'>chione,</span> <span class='ocrx_word' id='word_1_285' title='bbox 950 3662 1037 3712; x_wconf 83' lang='lat' dir='ltr'>fratris</span> <span class='ocrx_word' id='word_1_286' title='bbox 1059 3663 1126 3710; x_wconf 87' lang='lat' dir='ltr'>lilia:</span> <span class='ocrx_word' id='word_1_287' title='bbox 1153 3661 1246 3724; x_wconf 87' lang='lat' dir='ltr'>quibus</span> 
     </span>
     <span class='ocr_line' id='line_1_34' title="bbox 141 3735 1181 3801; baseline -0.005 -11"><span class='ocrx_word' id='word_1_288' title='bbox 141 3743 232 3790; x_wconf 81' lang='lat' dir='ltr'>monte</span> <span class='ocrx_word' id='word_1_289' title='bbox 254 3737 328 3784; x_wconf 89' lang='lat' dir='ltr'>Pelio</span> <span class='ocrx_word' id='word_1_290' title='bbox 350 3735 412 3785; x_wconf 84' lang='lat' dir='ltr'>feris</span> <span class='ocrx_word' id='word_1_291' title='bbox 429 3737 594 3785; x_wconf 82' lang='lat' dir='ltr'>lacerandum</span> <span class='ocrx_word' id='word_1_292' title='bbox 612 3752 676 3800; x_wconf 72' lang='lat' dir='ltr'>prm·</span> <span class='ocrx_word' id='word_1_293' title='bbox 716 3738 783 3786; x_wconf 91' lang='lat' dir='ltr'>adde</span> <span class='ocrx_word' id='word_1_294' title='bbox 794 3749 851 3801; x_wconf 76' lang='lat' dir='ltr'>quae</span> <span class='ocrx_word' id='word_1_295' title='bbox 861 3738 935 3786; x_wconf 88' lang='lat' dir='ltr'>Pelei</span> <span class='ocrx_word' id='word_1_296' title='bbox 946 3753 1023 3787; x_wconf 83' lang='lat' dir='ltr'>cansa</span> <span class='ocrx_word' id='word_1_297' title='bbox 1034 3745 1181 3786; x_wconf 80' lang='lat' dir='ltr'>euenerant.</span> 
     </span>
     <span class='ocr_line' id='line_1_35' title="bbox 140 3810 1246 3875; baseline -0.003 -12"><span class='ocrx_word' id='word_1_298' title='bbox 140 3813 268 3874; x_wconf 60' lang='lat' dir='ltr'>buissetm</span> <span class='ocrx_word' id='word_1_299' title='bbox 277 3812 358 3860; x_wconf 91' lang='lat' dir='ltr'>Peleo</span> <span class='ocrx_word' id='word_1_300' title='bbox 367 3810 523 3872; x_wconf 69' lang='lat' dir='ltr'>tandemcui</span> <span class='ocrx_word' id='word_1_301' title='bbox 531 3813 675 3862; x_wconf 86' lang='lat' dir='ltr'>Mercurius</span> <span class='ocrx_word' id='word_1_302' title='bbox 748 3817 796 3862; x_wconf 76' lang='lat'>412</span> <span class='ocrx_word' id='word_1_303' title='bbox 815 3813 988 3875; x_wconf 76' lang='lat' dir='ltr'>Oblectomr&#39;no]</span> <span class='ocrx_word' id='word_1_304' title='bbox 1011 3812 1246 3875; x_wconf 83' lang='lat' dir='ltr'>Inexpertoiucre-</span> 
     </span>
     <span class='ocr_line' id='line_1_36' title="bbox 144 3883 1249 3950; baseline -0.004 -12"><span class='ocrx_word' id='word_1_305' title='bbox 144 3903 191 3938; x_wconf 89' lang='lat' dir='ltr'>sen</span> <span class='ocrx_word' id='word_1_306' title='bbox 209 3888 305 3936; x_wconf 87' lang='lat' dir='ltr'>Chiron</span> <span class='ocrx_word' id='word_1_307' title='bbox 327 3901 403 3949; x_wconf 87' lang='lat' dir='ltr'>opem</span> <span class='ocrx_word' id='word_1_308' title='bbox 425 3887 529 3948; x_wconf 84' lang='lat' dir='ltr'>tulerat,</span> <span class='ocrx_word' id='word_1_309' title='bbox 548 3902 598 3936; x_wconf 77' lang='lat' dir='ltr'>nne</span> <span class='ocrx_word' id='word_1_310' title='bbox 617 3902 676 3937; x_wconf 87' lang='lat' dir='ltr'>cunr</span> <span class='ocrx_word' id='word_1_311' title='bbox 716 3887 797 3936; x_wconf 89' lang='lat' dir='ltr'>dibile</span> <span class='ocrx_word' id='word_1_312' title='bbox 817 3893 858 3936; x_wconf 86' lang='lat' dir='ltr'>est</span> <span class='ocrx_word' id='word_1_313' title='bbox 874 3889 966 3950; x_wconf 79' lang='lat' dir='ltr'>quanti</span> <span class='ocrx_word' id='word_1_314' title='bbox 987 3887 1067 3950; x_wconf 86' lang='lat' dir='ltr'>possit</span> <span class='ocrx_word' id='word_1_315' title='bbox 1089 3901 1145 3934; x_wconf 83' lang='lat' dir='ltr'>esre</span> <span class='ocrx_word' id='word_1_316' title='bbox 1164 3883 1249 3934; x_wconf 86' lang='lat' dir='ltr'>solatii</span> 
     </span>
     <span class='ocr_line' id='line_1_37' title="bbox 142 3961 1248 4024; baseline -0.002 -12"><span class='ocrx_word' id='word_1_317' title='bbox 142 3979 226 4018; x_wconf 70' lang='lat' dir='ltr'>errrore</span> <span class='ocrx_word' id='word_1_318' title='bbox 250 3970 291 4012; x_wconf 88' lang='lat' dir='ltr'>est</span> <span class='ocrx_word' id='word_1_319' title='bbox 317 3961 483 4012; x_wconf 80' lang='lat' dir='ltr'>interfectus.</span> <span class='ocrx_word' id='word_1_320' title='bbox 518 3965 589 4014; x_wconf 86' lang='lat' dir='ltr'>Hine</span> <span class='ocrx_word' id='word_1_321' title='bbox 611 3965 674 4014; x_wconf 90' lang='lat' dir='ltr'>illud</span> <span class='ocrx_word' id='word_1_322' title='bbox 713 3963 768 4015; x_wconf 85' lang='lat' dir='ltr'>Dei</span> <span class='ocrx_word' id='word_1_323' title='bbox 780 3977 935 4024; x_wconf 81' lang='lat' dir='ltr'>cognoscere</span> <span class='ocrx_word' id='word_1_324' title='bbox 955 3963 981 4010; x_wconf 93' lang='lat' dir='ltr'>in</span> <span class='ocrx_word' id='word_1_325' title='bbox 1000 3963 1074 4011; x_wconf 79' lang='lat' dir='ltr'>unalis</span> <span class='ocrx_word' id='word_1_326' title='bbox 1093 3961 1188 4012; x_wconf 84' lang='lat' dir='ltr'>nostris</span> <span class='ocrx_word' id='word_1_327' title='bbox 1205 3975 1248 4010; x_wconf 78' lang='lat' dir='ltr'>vo·</span> 
     </span>
     <span class='ocr_line' id='line_1_38' title="bbox 142 4036 1248 4106; baseline -0.004 -16"><span class='ocrx_word' id='word_1_328' title='bbox 142 4039 264 4092; x_wconf 72' lang='lat' dir='ltr'>Horatii:</span> <span class='ocrx_word' id='word_1_329' title='bbox 281 4037 400 4088; x_wconf 80' lang='lat' dir='ltr'>‘Narrat</span> <span class='ocrx_word' id='word_1_330' title='bbox 411 4055 485 4102; x_wconf 82' lang='lat' dir='ltr'>perne</span> <span class='ocrx_word' id='word_1_331' title='bbox 496 4039 584 4090; x_wconf 86' lang='lat' dir='ltr'>datum</span> <span class='ocrx_word' id='word_1_332' title='bbox 596 4041 677 4090; x_wconf 78' lang='lat' dir='ltr'>Peles</span> <span class='ocrx_word' id='word_1_333' title='bbox 713 4039 853 4106; x_wconf 82' lang='lat' dir='ltr'>luntatem.</span> <span class='ocrx_word' id='word_1_334' title='bbox 884 4037 946 4088; x_wconf 88' lang='lat' dir='ltr'>Non</span> <span class='ocrx_word' id='word_1_335' title='bbox 965 4036 1041 4086; x_wconf 84' lang='lat' dir='ltr'>modo</span> <span class='ocrx_word' id='word_1_336' title='bbox 1062 4043 1150 4084; x_wconf 89' lang='lat' dir='ltr'>tamen</span> <span class='ocrx_word' id='word_1_337' title='bbox 1168 4037 1248 4086; x_wconf 77' lang='lat' dir='ltr'>iretis·</span> 
     </span>
     <span class='ocr_line' id='line_1_39' title="bbox 143 4111 1246 4180; baseline -0.002 -16"><span class='ocrx_word' id='word_1_338' title='bbox 143 4116 436 4177; x_wconf 78' lang='lat' dir='ltr'>Tartaro,Mngnesaanr</span> <span class='ocrx_word' id='word_1_339' title='bbox 444 4115 607 4180; x_wconf 82' lang='lat' dir='ltr'>Hippolyten</span> <span class='ocrx_word' id='word_1_340' title='bbox 615 4115 677 4166; x_wconf 87' lang='lat' dir='ltr'>dum</span> <span class='ocrx_word' id='word_1_341' title='bbox 716 4114 807 4162; x_wconf 87' lang='lat' dir='ltr'>simum</span> <span class='ocrx_word' id='word_1_342' title='bbox 826 4111 940 4171; x_wconf 86' lang='lat' dir='ltr'>videtur,</span> <span class='ocrx_word' id='word_1_343' title='bbox 957 4111 1027 4175; x_wconf 87' lang='lat' dir='ltr'>quod</span> <span class='ocrx_word' id='word_1_344' title='bbox 1038 4126 1084 4160; x_wconf 82' lang='lat' dir='ltr'>nos</span> <span class='ocrx_word' id='word_1_345' title='bbox 1096 4112 1200 4162; x_wconf 81' lang='lat' dir='ltr'>tandem</span> <span class='ocrx_word' id='word_1_346' title='bbox 1212 4111 1246 4162; x_wconf 84' lang='lat' dir='ltr'>ab</span> 
     </span>
     <span class='ocr_line' id='line_1_40' title="bbox 144 4186 1248 4258; baseline -0.007 -14"><span class='ocrx_word' id='word_1_347' title='bbox 144 4191 212 4258; x_wconf 79' lang='lat' dir='ltr'>sugit</span> <span class='ocrx_word' id='word_1_348' title='bbox 225 4189 375 4242; x_wconf 74' lang='lat' dir='ltr'>abstinens.&#39;</span> <span class='ocrx_word' id='word_1_349' title='bbox 693 4197 694 4202; x_wconf 76' lang='grc'>’</span> <span class='ocrx_word' id='word_1_350' title='bbox 712 4187 833 4241; x_wconf 82' lang='lat' dir='ltr'>omnibns</span> <span class='ocrx_word' id='word_1_351' title='bbox 849 4187 986 4254; x_wconf 77' lang='lat' dir='ltr'>liberatum</span> <span class='ocrx_word' id='word_1_352' title='bbox 1001 4186 1034 4254; x_wconf 79' lang='lat' dir='ltr'>iri</span> <span class='ocrx_word' id='word_1_353' title='bbox 1048 4193 1122 4256; x_wconf 82' lang='lat' dir='ltr'>certo</span> <span class='ocrx_word' id='word_1_354' title='bbox 1136 4188 1248 4251; x_wconf 70' lang='lat' dir='ltr'>seimus,</span> 
     </span>
    </p>
   </div>
   <div class='ocr_carea' id='block_1_10' title="bbox 0 0 1451 4772">
    <p class='ocr_par' dir='ltr' id='par_1_13' title="bbox 0 0 1451 4772">
     <span class='ocr_line' id='line_1_41' title="bbox 0 0 1451 4772; baseline 0 0"><span class='ocrx_word' id='word_1_355' title='bbox 0 0 1451 4772; x_wconf 95' lang='lat' dir='ltr'> </span> 
     </span>
    </p>
   </div>
  </div>
 </body>
</html>
