2886 4774
358 391 362 394 .
404 313 975 392 uurnnourrrosnonmn.·x111.
1153 298 1245 368 1575·

137 461 229 542 Eoco
242 464 264 529 J
268 464 498 543 ovisrmonitu,
512 465 672 547 deeeptus
687 464 831 546 imagine
845 462 962 541 somni,
996 541 999 546 ἣ

135 565 215 630 Rex
227 566 323 648 jubet
337 566 461 648 incepti
477 585 592 632 euram
608 565 772 629 dimittere
786 565 878 629 belli.

137 666 202 729 Ille
218 673 330 750 potest
344 676 482 735 auctore
497 687 594 737 suam
610 666 783 730 defendere
798 685 949 732 oausam.

137 767 219 832 Non
232 770 320 832 sinat
334 770 399 833 hoo
415 768 520 853 Ajax,
533 768 735 849 delendaque
751 767 912 848 Pergama
927 772 1066 851 poscat:

140 869 307 953 Quodque
323 878 445 953 potest,
461 877 595 954 pugnet.
640 867 710 931 Gur
723 887 791 932 non
802 877 984 934 remoratur
995 870 1123 932 iturosl
1178 863 1244 940 220

138 969 207 1035 Cur
221 992 286 1035 non
300 993 393 1036 anne
407 974 524 1056 capiti
548 971 614 1048 dat,
628 970 720 1053 quod
735 955 824 1050 vaga
839 970 934 1046 turba
948 971 1126 1052 aequaturi

136 1071 218 1136 Non
235 1079 308 1136 erat
322 1074 387 1142 hoc
399 1075 535 1137 nimium
551 1091 719 1155 nunquam
732 1073 796 1135 uisi
812 1091 933 1154 magua
947 1073 1108 1155 loquenti.

66 1191 73 1202 ·
137 1172 244 1251 Quid,
259 1174 349 1257 quod
363 1182 396 1239 et
410 1178 486 1258 ipse
502 1176 614 1256 sugisl
638 1174 721 1251 ridi,
736 1174 921 1258 puduitque
932 1175 1060 1252 videre,

39 1353 43 1362 ¹
137 1273 223 1338 Cum
238 1280 275 1339 tu
292 1281 379 1358 terga
394 1277 502 1354 dares,
518 1276 756 1358 inhonestaque
770 1276 845 1342 vela
855 1295 999 1358 parares

136 1376 212 1442 Neo
227 1387 331 1454 mora,
348 1377 444 1456 Quid
455 1379 589 1443 facitist
613 1398 689 1461 quoe
704 1397 766 1442 vos
779 1379 954 1456 dementia,
972 1378 1056 1457 dixi,
1177 1373 1257 1454 225,

137 1480 307 1570 Concitet,
325 1501 346 1544 o
362 1483 458 1557 socii,
474 1486 609 1562 captam
622 1481 781 1546 dimittere
794 1482 955 1564 Trojaml

138 1579 275 1658 Quidve
290 1583 426 1646 domum
439 1583 534 1646 fertis
551 1583 696 1660 decimo,
711 1582 776 1648 nisi
792 1582 951 1660 dedecus,
963 1578 1071 1645 annot

138 1683 280 1747 Talibus
295 1689 395 1766 atque
407 1683 495 1760 eliis,
511 1686 544 1746 in
557 1703 635 1766 quae
653 1685 755 1754 dolor,
765 1686 1016 1767 ipsedisertum

138 1785 292 1860 Fecerat,
306 1803 442 1848 aversos
456 1785 597 1868 profuga
612 1785 653 1848 de
668 1788 777 1850 classe
792 1787 922 1850 reduxi.

139 1885 313 1952 Convocat
325 1883 462 1949 Atrides
478 1887 590 1950 socios
605 1891 725 1950 terrore
740 1893 925 1968 paventes:
950 1937 952 1940 .
1178 1885 1248 1950 ’230
1349 1913 1354 1920 ·

138 2091 214 2154 speeie
225 2092 309 2153 sumai,
328 2091 397 2140 Joeis
413 2091 539 2153 instinctu,
556 2089 784 2139 tonaturrmittere
804 2105 885 2138 ruram
903 2089 957 2137 belii
978 2087 1074 2151 incepti.
1109 2089 1153 2136 llle
1169 2094 1248 2152 potest

138 2156 203 2204 tueri
221 2171 287 2204 marn
306 2171 399 2205 ruamur
418 2161 518 2205 auctore.
564 2155 630 2214 ,liuor
646 2169 676 2202 ue
694 2154 759 2202 istud
776 2155 892 2215 potiatur,
910 2159 980 2215 utque
997 2153 1069 2201 instet
1088 2151 1181 2210 neam
1197 2167 1247 2201 esse

137 2222 305 2279 evmtndenrr
321 2225 347 2269 et
357 2223 416 2282 qaod
425 2225 512 2283 potest,
523 2224 604 2267 certet.
639 2217 796 2273 Quamobrem
808 2233 852 2266 non
862 2219 948 2266 retinet
960 2214 1117 2266 disreuurosl
1139 2218 1189 2263 Car
1200 2231 1246 2264 uon

137 2283 307 2336 semitonus?
323 2284 409 2347 incipit
427 2287 487 2347 quort
506 2285 621 2330 incertum
633 2283 717 2342 uulgus
735 2279 865 2331 imitetur?
899 2282 953 2330 Hor
963 2297 1009 2330 narr
1020 2286 1072 2329 erut
1082 2281 1247 2345 diptieilerrurr·

136 2361 208 2411 quum
217 2349 264 2397 uiri
276 2363 362 2410 mugra
370 2349 467 2398 deeuti.
503 2347 577 2408 Quid,
589 2348 682 2409 quodsi
692 2343 840 2408 ipsefugis?
864 2343 994 2408 ·Speetuui,
1005 2351 1076 2407 utque
1085 2344 1171 2407 puduit
1181 2357 1247 2404 spre-

137 2417 199 2472 tore,
210 2428 263 2462 eum
274 2415 392 2475 tripedem
408 2411 565 2473 retroferres,
577 2417 646 2473 utqrte
657 2412 782 2459 udorrrores
791 2412 900 2459 indecoro
911 2411 990 2460 linteo.
1025 2411 1076 2458 Nee
1092 2423 1167 2467 moro,
1180 2407 1246 2462 Quid

137 2473 233 2536 agitis?
249 2477 529 2538 dinumeravimus
544 2477 641 2537 eogitso
651 2475 755 2534 comites,
766 2477 895 2538 relinquere
906 2475 999 2534 Troiam
1009 2469 1120 2535 coptum?
1136 2475 1178 2520 out
1189 2471 1246 2533 quid

137 2541 267 2604 reportatis
277 2541 303 2589 in
313 2543 418 2603 putrium
429 2556 489 2588 anuo
504 2540 601 2599 decimo,
611 2539 665 2588 *uisi
675 2539 824 2602 opprobrium
832 2539 845 2589 l
880 2539 974 2587 Talibus
989 2544 1057 2600 utque
1076 2537 1140 2597 otiis,
1157 2537 1182 2584 irr
1194 2551 1245 2597 quse

137 2605 189 2667 ipse
199 2605 263 2654 detor
276 2604 370 2666 fecerat
383 2605 523 2668 seeundum,
540 2605 626 2654 reduxi
644 2605 748 2652 nolentes
758 2606 787 2652 de
798 2605 870 2654 classe
882 2603 1004 2665 fugiente.
1037 2603 1136 2652 Atrides
1147 2599 1245 2650 arcessit

124 2832 246 2886 mundius
264 2836 349 2880 estex
360 2830 448 2890 Med.;
467 2830 535 2892 vulg.
552 2828 802 2890 Arrnssdique.q-216
819 2829 871 2876 Pro
890 2827 980 2874 monitu
991 2819 1063 2874 Med.
1073 2838 1127 2872 sec.
1139 2829 1165 2869 et
1178 2837 1242 2870 nnus

136 2897 233 2957 ¹Heius.
257 2895 377 2952 monitosr
404 2894 504 2942 Arund.
524 2893 630 2948 morito,-
654 2893 718 2940 alius
738 2889 947 2946 uersarentur,-
964 2903 1027 2936 nnus
1041 2886 1245 2943 Gron.monitr's,·

136 2960 229 3024 fragm.
240 2960 370 3008 Boxlrorn.
382 2960 443 3017 nitra
457 2965 575 3006 truncato
586 2955 720 3004 vocabulo.
754 2954 830 3002 Unde
843 2954 933 3001 Heius.
953 2952 1009 3000 vult
1025 2951 1169 2999 rescribere
1181 2951 1243 2998 Eece

137 3026 165 3074 J.
177 3024 276 3073 monitos
294 3025 319 3072 d.
339 3023 356 3072 i.
375 3037 466 3071 somnos
486 3023 519 3070 R.
531 3021 690 3082 jubete-218
709 3020 810 3067 Causam
828 3033 861 3066 ex
882 3020 1010 3077 Berneug.
1030 3030 1069 3077 pr.
1092 3015 1158 3062 ltlor.
1177 3014 1245 3062 aliis·

139 3103 191 3151 que
215 3088 399 3148 compluribus,
422 3086 494 3140 dedit
518 3086 610 3134 Heius.
633 3097 681 3147 pro
704 3085 774 3146 vulg.
802 3097 894 3130 uocem:
924 3080 1039 3129 nonnulli
1062 3081 1242 3141 eulpam-220

138 3153 210 3206 Tert.
221 3153 294 3202 Med.
307 3156 454 3208 remoretur,
472 3149 522 3198 duo
535 3149 625 3210 scripti
637 3150 813 3196 solutum—221
834 3147 925 3194 Heius.
940 3158 986 3207 pro
998 3145 1065 3205 vulg.
1077 3147 1116 3191 det
1129 3143 1245 3204 reposuit

141 3219 185 3270 der
196 3231 229 3268 ex
241 3217 324 3264 tribus
336 3216 457 3278 scri‚ptis;
475 3214 534 3277 quia
553 3211 729 3276 praecedentia
748 3212 972 3274 requirunt-222
990 3207 1110 3257 Heidelb.
1130 3208 1185 3268 Noa
1201 3207 1245 3254 loe

139 3286 175 3330 est
195 3283 251 3330 raim.
269 3277 524 3342 aequamini-223
543 3278 635 3327 Heius.
654 3275 761 3336 prefert
780 3275 851 3335 fugis
871 3288 929 3323 curn
947 3288 997 3322 uno
1015 3271 1072 3320 Pal.
1098 3270 1197 3320 Zuliolr.
1215 3276 1245 3319 et

140 3345 222 3407 tribqs
234 3346 306 3402 aliis;
323 3345 389 3404 vulg.
401 3343 561 3404 sugit.-224
575 3342 609 3397 ,ln
621 3339 773 3402 quibusdam
784 3340 842 3387 betia
849 3341 1027 3400 pareres-228
1045 3335 1144 3383 Arund.
1153 3335 1200 3383 dei.
1208 3333 1244 3382 ire

140 3410 307 3458 disere-auo
323 3409 425 3456 Auersos
441 3421 498 3455 cunr
519 3405 667 3454 melioribus
691 3419 736 3466 pro
757 3404 825 3464 vulg.
842 3403 949 3450 aduersos
968 3399 1143 3464 reponendum
1157 3404 1245 3447 monet

140 3471 233 3532 Heius.
260 3475 322 3520 Mox
341 3473 477 3534 Langerrn.
490 3477 516 3519 et
529 3470 589 3530 Arg.
601 3469 701 3517 retrusi.
718 3467 769 3516 Sed
781 3468 869 3515 Borm.
887 3469 972 3515 reduxi
984 3468 1088 3524 retinet,
1109 3463 1169 3528 qnia
1187 3478 1245 3526 pro·

139 3535 195 3602 fugi
207 3535 330 3586 facundia
341 3535 441 3599 Ulyssis
460 3535 522 3584 moti
534 3541 560 3583 et
572 3533 598 3582 in
610 3533 735 3597 pudorem
748 3532 802 3580 dati
817 3531 894 3581 facile
914 3539 942 3580 et
960 3530 1034 3595 quasi
1053 3532 1144 3592 sponte
1162 3527 1245 3577 redie-

560 3689 564 3698 '
638 3683 744 3738 NOTAE

154 3811 220 3857 :217
250 3804 316 3865 lieu]
362 3803 550 3865 Agamemnon,
575 3800 618 3864 qui
644 3806 674 3848 ut
714 3799 764 3846 iuro
782 3797 864 3846 dolori
874 3795 993 3844 attribuit
1005 3793 1073 3858 quod
1088 3792 1244 3854 arrogantiae

140 3897 245 3935 suorum
263 3882 365 3929 animos.
379 3885 501 3941 tentaret,
511 3878 544 3927 de
562 3877 674 3926 redituri
715 3874 793 3921 rideri
816 3873 958 3936 potuisset:
977 3885 1086 3933 cumque
1103 3869 1140 3916 ita
1161 3882 1194 3915 ex
1211 3881 1250 3918 eo⁴

139 3962 207 4012 Jove
234 3972 282 4021 per
308 3969 409 4006 somnos
436 3953 594 4002 admonitum
617 3965 673 4000 sese
714 3944 1243 4012 qnodinvidiosissimumfuitsilrigratiam

138 4034 279 4088 simulavit.
691 4087 693 4092 .
712 4025 869 4074 conciliavit.
973 4063 974 4066 ,

153 4114 222 4162 -alo
238 4106 353 4170 Aerem]
375 4107 451 4166 Jove,
463 4105 572 4154 scilicet.
745 4105 793 4150 230
808 4099 918 4162 Atrides]
938 4097 1123 4163 Agamemnon.

173 4187 222 4238 228
238 4183 326 4248 Dolor]
343 4184 403 4236 Non
413 4183 467 4231 sine
480 4181 589 4234 artifieio
600 4195 671 4230 marr.
702 4245 707 4255 ι
729 4215 733 4222 .
793 4227 797 4234 ,
