2930 4778
209 327 300 398 urs
573 341 605 392 r.
628 339 748 390 ovmrr
774 323 957 390 sisoius·

206 488 336 573 Perque
349 483 521 571 pruinosas
535 487 612 552 tulit
624 485 802 570 irrequieta
814 487 982 552 tenebras.

209 589 353 669 Rursus,
366 596 405 653 ut
416 590 504 654 alma
517 588 590 653 dies
604 589 776 653 hebetarat
792 587 914 663 sidera,
930 592 1043 652 natam

206 692 299 773 Solis
312 691 355 756 ad
371 711 543 766 occasum,
559 690 651 754 Solis
667 690 840 772 quaerebat
851 689 893 751 ab
909 692 994 751 ortu.

209 793 316 858 Fessa
328 793 446 858 labore
461 793 551 857 sitim
565 792 764 872 collegerat3
788 808 913 872 oraque
925 786 1010 852 nulli

208 892 400 959 Colluorant
413 894 538 957 sontes:
561 912 637 956 oum
649 896 770 956 tectam
785 892 944 954 stramine
957 887 1042 952 vidit

209 993 310 1058 Forte
325 976 463 1070 ,casam3
485 1011 674 1076 parvasque
688 991 776 1055 tores
791 990 956 1072 pulsarit:
980 985 1105 1056 atinde

208 1093 325 1158 Prodit
339 1114 441 1173 anus;
463 1092 653 1176 Divamque
667 1090 770 1169 videt3
799 1091 1032 1174 lymphamque
1049 1087 1190 1170 roganti,

211 1194 318 1259 Dulce
334 1194 438 1270 dedit,
453 1200 543 1258 tosta
558 1193 650 1275 quod
667 1199 806 1256 coxerat
820 1199 894 1255 ante
908 1192 1055 1275 polenta.
1244 1185 1312 1252 450

211 1295 301 1359 Dum
312 1297 399 1359 bibit
412 1295 471 1364 illa
484 1292 611 1371 datum,
626 1294 701 1358 duri
715 1305 803 1378 puer·
811 1294 879 1357 oris
894 1300 928 1358 et
941 1292 1056 1358 audax

210 1395 367 1464 Constitit
382 1403 458 1462 ante
474 1395 604 1460 Deam:
625 1395 773 1479 risitque,
786 1395 981 1478 avidamque
995 1390 1140 1458 vocarit.

212 1493 350 1564 Offensa
366 1503 437 1562 est:
461 1517 566 1581 neque
582 1496 690 1560 adhue
706 1501 807 1580 epota
821 1502 916 1578 parte
929 1495 1119 1578 loquentem

212 1588 296 1668 Cum
313 1599 447 1682 liquido
456 1599 563 1662 mixta
576 1597 722 1680 perfudit
736 1598 828 1661 Diva
841 1598 987 1680 polenta.

212 1698 382 1764 Combibit
397 1721 435 1765 os
446 1699 618 1779 maculas3
640 1705 684 1776 et,
702 1719 771 1781 qua
786 1697 1040 1762 modo‘braobia
1054 1692 1169 1775 gessit,
1247 1693 1315 1758 455

213 1798 318 1863 Crura
332 1801 432 1880 gerit:
454 1800 565 1860 cauda
578 1806 629 1859 est
642 1800 779 1859 mutatis
795 1797 911 1859 addita
927 1796 1103 1859 membris:

213 1895 318 1982 Inque
331 1901 463 1962 brevem
479 1898 630 1974 formam,
644 1916 686 1960 ne
702 1898 746 1960 sit
759 1897 811 1962 vis
826 1916 945 1976 magna
959 1893 1113 1972 nocendi,

212 2000 443 2066 Contrahitnr:
464 2017 635 2082 parvaque
649 1999 755 2075 minor
770 2017 921 2061 mensura
931 1999 1057 2068 lacerta
1072 2001 1132 2062 est.

211 2263 256 2313 per
265 2254 343 2298 rroetee
349 2250 480 2312 pmiroem.
514 2247 617 2308 Remu,
627 2252 750 2311 postquam
761 2245 870 2298 amabilis
880 2245 1065 2308 dieefapaoerat
1074 2248 1163 2307 struae,
1171 2227 1319 2310 pemeetige·

215 2313 339 2380 batfiliam
350 2313 379 2362 ab
390 2319 444 2363 orta
454 2312 550 2362 eoliend
562 2326 663 2361 occasus.
697 2309 841 2374 Dejatr'gata
851 2309 930 2361 labare
940 2315 1093 2360 contraxerat
1103 2311 1179 2371 sitim,
1187 2327 1261 2374 neque
1272 2313 1317 2361 alli

208 2375 292 2436 fenim
302 2379 462 2439 irrigaverunt
473 2392 516 2426 ora
524 2393 534 2434 ,·
550 2392 603 2426 eurr
608 2376 676 2436 forte
686 2376 781 2438 aepmit
792 2375 915 2437 ruperim
925 2382 1032 2439 operturae
1042 2373 1117 2424 calmo
1123 2393 1132 2433 ,-
1147 2379 1217 2438 atpee
1225 2375 1318 2438 pepulit

214 2448 308 2491 tenuem
320 2443 438 2502 januam.-
454 2447 480 2489 nt
491 2442 545 2488 truie
555 2442 633 2487 aetola
644 2441 713 2496 θείη
728 2446 799 2502 atque
808 2440 897 2500 arpier't
908 2439 994 2501 Deam,
1005 2443 1029 2486 et
1039 2440 1123 2488 obtulit
1131 2440 1222 2504 petenti
1232 2453 1319 2502 aquam

209 2505 337 2629 puiddem
348 2507 488 2566 eaaoeqaad
507 2507 563 2551 ante
581 2507 675 2550 cartem
693 2501 789 2564 polenta
808 2507 878 2551 torta.
912 2502 979 2551 Dara
998 2502 1040 2552 e'lla
1056 2507 1125 2566 potat
1145 2505 1204 2565 paea
1215 2501 1319 2552 oblatam

124 2598 126 2606 »
227 2572 303 2629 κεναί,
318 2583 378 2630 puer
389 2569 511 2629 impudens
520 2571 545 2615 et
554 2566 695 2614 tesserariae
704 2566 772 2614 stetit
790 2581 869 2614 coram
888 2566 951 2629 Dea,
969 2572 1039 2629 atque
1049 2566 1136 2629 irrisit,
1154 2572 1177 2615 et
1188 2567 1319 2630 appellarit

216 2646 329 2680 voracem.
363 2631 492 2692 Indignata
503 2635 555 2686 est,·
571 2643 645 2692 neque
656 2629 731 2677 artae
742 2630 856 2678 externa
865 2636 944 2692 parte,
961 2630 1015 2679 Dea
1023 2629 1128 2693 perfudit
1139 2631 1268 2693 loquentem
1275 2647 1318 2696 pa-

215 2697 279 2744 lenta
290 2694 375 2743 iletrita
386 2709 437 2742 eam
448 2695 544 2757 lipaore.
583 2694 667 2743 Vultur
677 2693 782 2742 absorbet
793 2695 896 2742 msulae
903 2709 914 2750 ,·
930 2700 955 2742 et
967 2693 1019 2754 sert
1037 2709 1108 2743 erura
1118 2709 1162 2757 qua
1172 2699 1240 2756 parte
1250 2697 1318 2744 moda

215 2759 273 2808 tulit
283 2761 398 2808 lacertae.-
413 2760 488 2806 enam
499 2763 534 2805 ert
545 2758 710 2819 superinducta
728 2757 825 2805 artabae
836 2757 1030 2816 traaesoemutie:
1046 2759 1116 2821 atqne
1126 2759 1220 2820 eapitur
1228 2759 1253 2808 br
1262 2774 1319 2822 par-

216 2823 393 2894 ramfigarum,
409 2836 440 2870 ae
450 2822 581 2883 ritmagm
597 2825 704 2884 potestas
714 2821 831 2878 zaream·
847 2827 872 2869 et
882 2834 990 2870 mersura
1006 2827 1043 2871 eet
1059 2825 1136 2872 miror
1146 2823 1210 2872 brevi
1220 2824 1318 2874 lacera.

677 2964 853 2983 omnm

215 3082 265 3132 tlt
282 3077 336 3128 Alii
346 3077 387 3128 ubi
397 3078 535 3128 alme-445
553 3075 596 3126 Fr.
608 3083 636 3126 et
647 3076 767 3126 undecim
778 3076 955 3135 albarensem
971 3079 1043 3143 vulg.
1054 3093 1156 3128 eccam.
1173 3076 1225 3127 Alii
1238 3079 1318 3130 etiam

216 3143 247 3202 eal
257 3145 413 3192 ortua-446
426 3141 516 3190 Multa
527 3141 594 3190 Edd.
604 3143 646 3191 sit.
656 3157 710 3190 aare
740 3146 806 3190 erat.-
819 3156 851 3190 ex
861 3142 944 3196 oona.
956 3143 1048 3193 Heius.
1058 3145 1183 3204 collegerat
1193 3145 1319 3206 reposuit.

217 3209 297 3256 -447
315 3203 368 3254 Alii
379 3203 518 3252 Pollaerant
531 3205 596 3266 sont.
616 3205 684 3252 unde
732 3205 796 3253 eius.
811 3207 881 3269 conj.
892 3207 1052 3256 Prolaeraatr
1068 3207 1119 3255 duo
1140 3207 1222 3256 Codd.
1236 3209 1320 3258 Carti·

215 3267 320 3330 peram
337 3266 369 3317 Α.
389 3265 536 3315 Mollierant.
553 3267 645 3316 Helos.
664 3283 696 3315 ex
715 3269 864 3316 melioribus
882 3270 998 3332 reposuit
1016 3286 1069 3319 cem
1084 3275 1170 3320 tectam
1182 3287 1228 3335 pro
1248 3273 1330 3335 uulg.'

217 3337 363 3388 contemnu-
379 3332 452 3380 molit
463 3339 549 3379 autem
567 3333 751 3379 textam-att)
769 3332 839 3380 Torta
856 3347 904 3394 pro
915 3333 984 3397 vulg.
1003 3340 1065 3384 testa
1076 3349 1142 3384 corr.
1153 3335 1319 3384 Bartbioe.—
1425 3331 1430 3338 ’

217 3399 265 3446 451
283 3396 380 3444 Lovan.
400 3395 437 3443 ill.
460 3394 624 3464 datamfle'ri
644 3409 744 3458 quoque
764 3409 811 3456 pro
832 3396 888 3444 duri
915 3398 1028 3448 Berolin.
1049 3398 1234 3464 allique—iot
1252 3399 1319 3448 Risit

219 3459 335 3509 Berolin.
346 3458 439 3507 omissa
451 3459 635 3522 copula—los
652 3459 736 3508 Grau.
749 3459 804 3507 adt.
820 3459 1027 3510 'emmena-455
1046 3463 1120 3512 Unus
1132 3463 1203 3512 Med.
1217 3463 1329 3526 Calliptt·

218 3539 244 3572 oe
251 3539 261 3581 ,·
278 3522 342 3572 elius
353 3522 480 3584 contrabit.
498 3523 552 3577 Qua
568 3525 634 3572 mado
646 3516 739 3586 Heius.
758 3523 831 3572 dealt
843 3538 875 3573 ex
896 3525 979 3574 tribus
991 3527 1112 3589 scriptis:
1130 3527 1210 3576 Liber
1221 3526 1319 3577 Anbar:

220 3599 377 3650 uouemere,
389 3595 416 3636 et
435 3587 489 3650 alii,
505 3601 556 3650 qua
568 3590 634 3636 mado
641 3603 651 3645 ,·
669 3587 737 3650 vulg.
749 3603 802 3650 qua
819 3593 956 3639 aune—loti
973 3589 1065 3640 Urbin.
1077 3599 1103 3640 ot
1116 3592 1211 3642 Lovan.
1222 3593 1318 3642 mutila·

717 3758 835 3808 NOTAE.

251 3889 300 3935 450
317 3855 404 3948 Dulee]
419 3885 524 3934 Pultem
542 3884 701 3949 dioit,quam
713 3901 747 3936 ex
818 3892 866 3938 455
884 3887 1005 3949 Maeelas]
1021 3887 1117 3939 Quales
1132 3887 1211 3936 babet
1222 3888 1319 3953 stellio,

218 3961 325 4023 polenta
340 3975 385 4008 een
407 3957 492 4008 farina
507 3959 653 4008 hordeacea
671 3968 748 4024 tosta,
787 3960 813 4010 in
825 3977 900 4026 qoem
912 3962 953 4011 bic
966 3975 1030 4024 puer
1041 3968 1163 4027 mutatos,
1173 3961 1246 4012 Abas
1255 3978 1318 4013 non·

220 4036 393 4158 :amimalia
403 4043 519 4086 etvcareo
534 4042 679 4100 temperate
689 4051 748 4088 eou-
787 4036 942 4124 uulliepelits
956 4037 1109 4104 Ascalabos,
1120 4038 1147 4088 iel
1164 4048 1205 4090 eet
1222 4039 1319 4108 stellio,

221 4108 681 4252 flaglarffldl,1dm‚immm
747 4245 752 4252 ,
787 4111 881 4164 dmm·
964 4156 968 4162 Ι
