2840 4766
380 357 738 412 uersuonrrroerrou
761 361 834 412 urs.
859 362 938 413 vrrr.
1119 347 1206 416 lm

107 501 266 571 Baucida
280 505 462 589 conspexit
477 505 588 572 senior
602 505 753 570 frondere
766 504 949 573 Philemon.
1141 509 1207 574 ⁷1⁶

104 606 254 690 Jamque
270 622 372 690 super
387 606 516 688 gelidos
529 613 697 672 crescente
708 609 883 672 cacumine
898 609 1022 687 vultus,

107 708 242 784 Mutua,
258 709 338 773 dum
352 709 458 786 licrsit,
472 709 652 774 reddebant
664 710 773 790 dicta;
794 709 965 793 Valeque,

108 809 137 871 0
152 811 295 894 conjux,
311 811 428 876 dixere
442 811 552 889 simul,
567 811 666 874 simul
681 810 797 876 abdita
810 812 898 876 texit

107 909 176 974 Ora
189 911 311 976 frutex.
338 901 342 911 ’
356 911 514 977 Ostendit
529 912 636 978 adhuc
651 911 822 996 Tyaneius
832 912 904 978 illic

107 1011 230 1076 Incola
245 1011 287 1076 de
301 1014 431 1096 gemina
444 1014 573 1079 ricinos
589 1015 707 1079 arbore
722 1021 866 1080 inruens,
1141 1013 1205 1078 720

107 1113 198 1178 Haec
211 1113 294 1177 milri
307 1133 373 1178 nou
387 1115 465 1178 vani
478 1111 601 1198 (neque
613 1120 684 1180 erat
698 1134 758 1179 cur
768 1115 881 1180 fallere
894 1111 1031 1200 vellent)

106 1213 295 1298 Narravere
310 1232 419 1278 senes.
464 1214 627 1298 Equidem
647 1216 829 1298 pendentia
843 1216 912 1280 ridi

108 1313 202 1378 Serta
218 1335 317 1398 super
329 1335 457 1380 ramos:
481 1319 675 1401 ponensque
688 1319 845 1397 recentia,
860 1317 942 1395 dixi,

105 1414 196 1482 Cura
210 1417 262 1499 pii
276 1417 341 1486 Dis
356 1423 445 1495 sunt,
460 1425 504 1496 et,
521 1419 579 1500 qui
594 1419 739 1497 coluere,
755 1419 919 1483 coluntur.

300 1718 390 1784 Fan.
413 1719 464 1782 X.
510 1717 652 1783 Proteos
673 1719 708 1781 in
727 1718 839 1782 varias
862 1716 1018 1800 Figurae

108 1879 252 1932 hunencus
262 1883 332 1932 inter
342 1884 431 1946 epulas
441 1884 550 1946 Theseo,
560 1897 636 1947 quern
648 1890 786 1947 receperat
794 1882 917 1946 hospitio,
927 1897 1049 1933 enarrans
1057 1882 1113 1946 hos,
1123 1882 1166 1947 qui
1177 1897 1205 1934 se

138 1960 163 2009 io
176 1961 286 2012 alienam
298 1961 405 2024 ligoram
414 1963 562 2021 vertissent,
571 1962 692 2012 emicanti
700 1977 775 2011 casus
783 1963 939 2026 mortalium,
948 1963 1074 2026 etiamqui
1084 1962 1110 2010 in
1117 1963 1206 2026 plures

136 2039 231 2105 figuras
252 2042 382 2101 abierunt,
394 2040 487 2105 refert,
498 2048 527 2092 ut
544 2043 654 2105 Protea,
665 2043 783 2106 Neptuni
804 2041 894 2106 filium,
905 2043 1007 2093 solitum
1023 2042 1100 2091 modo
1117 2043 1145 2091 in
1161 2043 1205 2106 jn-

136 2137 238 2186 renem,
255 2123 332 2172 modo
349 2125 375 2172 in
393 2124 506 2185 leonem,
525 2124 693 2174 interdumin
710 2138 810 2188 aprum,
826 2125 887 2174 aliae
905 2125 932 2174 in
947 2131 1103 2188 anguem,et
1115 2131 1205 2175 cetera

134 2205 258 2254 animalia
269 2205 396 2267 converti,
408 2205 501 2270 quibos
513 2204 617 2254 insidias
629 2212 718 2268 posset
727 2203 842 2255 eludare.

106 2335 339 2424 Dusrnnsr:
354 2366 557 2444 cunctosque
573 2367 609 2424 et
621 2379 673 2424 res
689 2366 723 2424 et
735 2365 885 2423 moverat
900 2362 1031 2422 auctor:
1138 2358 1204 2424 725

104 2538 193 2573 monem
198 2522 358 2584 frondescere,
381 2521 503 2573 Philemon
522 2537 594 2572 senen
605 2522 745 2572 Buueidem.
777 2524 877 2586 Jamque
890 2521 995 2584 fastigio
1010 2527 1127 2572 crescente
1135 2537 1206 2588 super

104 2589 225 2650 utriusque
237 2585 337 2648 faeiem,
356 2591 448 2634 ructuas
465 2587 637 2636 commutabunt
654 2601 779 2648 sermones,
789 2589 844 2636 doru
861 2587 945 2645 licuit5
961 2593 985 2637 et
1001 2589 1114 2636 diamur
1124 2587 1205 2649 simol,

108 2653 164 2701 Vale
174 2665 278 2708 emisere,
297 2651 366 2698 simul
377 2651 445 2698 arhor
453 2651 552 2700 ehduxit
563 2666 605 2700 oro
614 2650 716 2700 conditu⁴
749 2653 829 2700 lucela
838 2651 956 2716 Tpoueius
964 2650 998 2700 ihi
1006 2651 1082 2701 adhue
1089 2658 1205 2704 merae

104 2717 198 2779 stipites
207 2715 349 2778 propinques
367 2713 452 2763 factos
463 2730 493 2763 ex
504 2713 592 2764 dachus
606 2715 747 2779 corporibus.
781 2715 854 2765 Senes
863 2731 1007 2780 secunaum
1016 2718 1136 2768 maduca
1145 2717 1205 2766 mihi

100 2781 149 2828 ‘istu
160 2781 311 2828 retulmut:
328 2793 399 2841 neque
410 2783 462 2826 erat
471 2793 513 2828 cur
528 2781 613 2828 vellent
629 2780 736 2829 metiri.
770 2780 888 2842 Equidem
903 2781 954 2828 nidi
969 2783 1068 2829 corollas
1076 2783 1204 2843 perdentes

103 2843 229 2900 euromis,·
240 2847 311 2905 atque
321 2844 419 2907 affigens
429 2857 500 2891 noros
519 2844 583 2902 ciet,
594 2843 639 2892 Pii
657 2850 711 2891 mut
729 2857 792 2892 eurae
809 2845 875 2904 Diis,
895 2849 918 2891 et
929 2845 969 2905 qai
979 2858 1023 2892 eos
1033 2844 1204 2893 hermocraut

104 2909 258 2956 honorentur.

136 2985 163 3021 x.
181 2970 339 3027 Alsoteerua·
355 2976 378 3018 et
388 2969 483 3028 suetum
503 2975 526 3019 et
543 2971 600 3033 ejus
618 2984 687 3018 eoaso
698 2983 776 3018 omues
787 2969 900 3030 tetigerat
909 2983 919 3024 ,·
931 2969 1065 3031 presertim
1076 2969 1204 3027 Theaetetus

563 3093 742 3114 fflnOmOO

104 3180 150 3229 bus
174 3178 288 3240 Ciotaoi,
308 3179 398 3240 Stetit,
425 3184 453 3226 et
473 3177 576 3227 Celent.
601 3175 832 3227 Numestrani-⁷16
860 3174 959 3224 Gelidus
978 3189 1011 3224 ex
1032 3175 1092 3226 Jrrn.
1112 3177 1203 3230 Burni.

104 3244 238 3307 amplexus
268 3250 309 3292 est
340 3257 387 3306 pro
415 3242 485 3304 vulg.
511 3242 628 3303 geminos,
656 3239 723 3305 quod
752 3253 811 3288 mox
845 3241 1079 3302 repetitus—⁷19
1102 3241 1203 3292 ‘Certa

104 3317 225 3372 suspects
236 3307 292 3356 hac
304 3321 365 3369 vox,
378 3305 506 3370 Terretur,
517 3306 578 3368 quia
587 3306 676 3368 l'yana
687 3301 762 3352 nimis
773 3310 872 3354 remma
882 3304 1033 3368 aPhrygia:
1043 3319 1127 3370 neque
1140 3306 1203 3372 quid

105 3387 226 3435 reponam
245 3371 347 3421 habeo:
365 3371 410 3424 sed
430 3377 461 3419 ot
479 3370 607 3420 acutiores
630 3373 770 3418 exerceant
788 3383 827 3429 se,
848 3368 970 3418 iudicabo
981 3369 1063 3419 varias
1084 3371 1203 3422 ecdicum

106 3437 241 3495 lectiones,
252 3436 278 3484 in
294 3435 387 3499 quibus
398 3441 446 3494 est,
465 3433 572 3495 Fiuer'us,
592 3433 710 3490 lutacius,
724 3432 849 3496 Phineum,
870 3433 990 3494 Thimea,
1003 3434 1107 3499 Circius,
1121 3437 1202 3486 ilrin-

103 3501 175 3560 thius,
188 3499 328 3558 liriuetr'us,
340 3499 461 3560 Chiueius,
474 3496 608 3562 cyreneus?
636 3497 680 3558 Sic
691 3498 861 3547 Burm-l20
873 3497 939 3547 Edd.
948 3495 1016 3560 vulg.
1032 3501 1061 3547 de
1068 3500 1164 3562 gemine
1179 3517 1204 3554 o,

103 3560 1203 3691 uertureuerterentur

104 3707 160 3740 uam
171 3692 275 3742 variant
287 3689 369 3741 Codd.
383 3692 447 3739 Caro
458 3690 508 3738 Dei
517 3689 563 3739 Dii
573 3694 629 3738 saut
639 3690 665 3738 in
676 3703 727 3738 uno
740 3688 813 3738 Med.
832 3691 859 3738 iu
869 3702 920 3740 uuo
933 3690 1024 3739 Heius.
1047 3691 1110 3739 Cura
1122 3692 1201 3740 Deest

100 3764 154 3806 suut
164 3757 208 3806 isti
218 3757 275 3806 aar.
286 3757 312 3805 in
325 3769 375 3804 nno
392 3754 464 3805 leid.
477 3755 543 3802 Cura
552 3755 632 3804 Deera
641 3754 764 3802 sortisti.-
776 3753 902 3817 Spirensis
917 3755 966 3803 siut
976 3753 1028 3804 isti.
1044 3754 1200 3816 Castigatio-

103 3837 143 3870 res
154 3827 229 3871 certe
241 3820 367 3885 plerique,
384 3823 449 3882 suut,
467 3831 518 3868 non
528 3818 576 3867 siut
585 3835 595 3877 ,-
611 3824 639 3868 et
655 3818 771 3879 eotuutsr,
788 3832 837 3866 non
854 3819 976 3868 coluntur:
996 3818 1117 3880 Noricus,
1136 3818 1201 3868 Cura

602 3963 709 4014 NOTAE

133 4084 183 4130 719
211 4075 319 4138 Frutex]
355 4076 409 4127 Pro
430 4076 511 4140 stirpe
535 4077 631 4140 posuit.
707 4075 834 4142 umetis]
852 4074 940 4146 ll'yann
952 4071 1126 4139 Cappadocia
1135 4073 1201 4128 urhe

104 4157 221 4206 Mutatus
232 4152 300 4201 enirn
316 4154 358 4200 ost
367 4150 503 4202 Philemon
518 4151 545 4201 in
557 4167 633 4218 quar·
670 4153 698 4202 in
708 4151 848 4218 Phrygiam
859 4148 976 4204 advecto.

105 4245 176 4290 eum;
191 4227 289 4279 Baucis
299 4227 326 4278 lu
337 4225 428 4278 tiliam.
748 4257 751 4266 ·
