2840 4766
212 301 299 372 1001
482 355 485 363 .
555 321 614 370 u.
637 311 759 368 ournrr
783 319 950 370 ausuum
1032 325 1036 336 ·

212 460 256 526 Et
269 457 370 534 velox
385 457 544 538 Iuraret
554 459 626 542 jam
639 470 708 526 uon·
718 461 855 528 tommo
867 459 1025 539 Guneus,
1245 463 1313 529 000

212 559 475 643 leucippusque
488 560 593 638 ferox,
610 563 791 645 J'aouloquo
803 563 943 644 insignis
958 561 1116 640 Acastus,

185 691 189 700 ·
213 661 507 747 Hippothousque,
523 663 711 747 Dryasque,
726 671 760 728 et
773 671 883 730 cretus
898 662 1079 748 Amyntore
1094 665 1254 744 Phoenix,

210 761 446 846 Actoridaeque
460 783 569 847 paros,
581 771 614 829 et
627 767 749 830 missus
763 767 806 830 ah
820 765 916 830 Elide
932 765 1089 849 Phyleus.

99 883 104 894 ·
211 862 290 928 Nec
305 863 468 933 Telamon
483 866 612 942 aberat,
626 869 779 948 maguive
793 873 918 932 creator
932 866 1097 932 Achillis:
1185 906 1189 914 ·

211 957 364 1056 Cumque
380 965 580 1031 Pheretiade
592 976 628 1032 et
643 968 802 1051 Hyanteo
818 969 914 1032 Iolao
1245 966 1313 1034 ulo

211 1066 359 1149 Impiger
374 1065 544 1150 Eurytion,
558 1075 593 1132 at
607 1088 707 1133 ouran
721 1070 865 1134 invictus
880 1067 1022 1143 Echion,
1051 1073 1053 1078 “

130 1339 135 1350 ,
202 1303 272 1369 filius
284 1305 397 1368 Apharei,
407 1310 431 1353 ct
440 1305 502 1352 citus
512 1303 579 1365 Idus,
590 1309 613 1352 et
630 1305 727 1354 Cuneus
746 1321 807 1356 nuuc
823 1319 870 1354 nort
880 1304 990 1366 sumina,
1003 1309 1030 1352 ct
1048 1317 1123 1352 sarus
1136 1303 1275 1380 Leucippus,
1286 1309 1311 1352 ct

210 1367 312 1417 Aradus
321 1374 456 1432 spectuth
450 1369 532 1429 ¹,uculo
541 1375 565 1418 ct
577 1369 734 1432 Hippothous,
744 1374 767 1420 st
786 1371 910 1434 Drpuent
928 1369 1104 1434 Phuuicrfllius
1121 1367 1269 1430 Amyntoris,
1286 1373 1311 1423 el

208 1432 331 1482 Amouda
382 1447 427 1496 res,
447 1438 470 1481 ct
492 1403 532 1480 Pi
531 1436 596 1498 ptrue
617 1433 702 1482 missus
721 1433 751 1485 uh
769 1435 846 1482 lilidc.
880 1433 961 1496 Neque
982 1432 1313 1494 Transrenanum

208 1497 291 1558 magri
308 1499 346 1547 Ae
365 1496 420 1559 liis,
439 1502 464 1546 rt
481 1511 535 1546 acor
531 1449 672 1562 ynorytr'oa
690 1513 743 1549 cum
762 1488 905 1548 Pheretiade
919 1501 943 1546 ct
957 1497 1022 1546 Iolao
1041 1496 1163 1558 Hyanteo,
1181 1500 1205 1544 st
1216 1495 1311 1544 Echion

672 1643 847 1662 &mm

208 1749 258 1784 ma
270 1734 336 1786 Edd.
347 1737 386 1800 Ep
370 1736 481 1864 pilum,
493 1737 533 1786 vel
546 1737 744 1812 Ephprea—ttoo
764 1735 837 1786 Leid.
843 1734 911 1798 sura
926 1736 1012 1790 caris.
1013 1739 1096 1786 -eoa
1111 1734 1176 1787 Coti.
1187 1735 1313 1787 Meuard.

206 1800 322 1851 etmulti
338 1801 425 1850 sliil
425 1801 577 1875 crippusqus.
609 1801 640 1850 In
661 1799 947 1862 antinoensium
967 1801 1104 1852 Constant.
1117 1800 1231 1852 ¹‚Paneas
1244 1800 1314 1850 citat

206 1863 250 1912 luo
262 1877 298 1914 rs
311 1870 372 1915 aute
382 1868 439 1914 101
450 1866 494 1928 lag
495 1865 555 1915 rtur
557 1869 637 1915 -107
654 1863 706 1914 Ain
717 1816 911 1926 iirppot
912 1867 1002 1914 .-108
1017 1865 1087 1926 Vutg
1087 1864 1209 1914 ..tctorid
1218 1877 1314 1926 parcns.

206 1926 517 1994 luqnihnsdamquoque
536 1930 606 1980 Pelas
624 1943 671 1992 pro
681 1928 791 1991 Phyleus
809 1927 916 1990 legitur.
917 1931 998 1978 -109
1025 1929 1097 1976 Unus
1114 1928 1187 1977 Med.
1207 1927 1258 1976 Tel.
1268 1929 1311 1976 ds

207 1996 268 2042 erat.
302 1993 418 2054 Mogaios
434 1999 476 2044 sst
495 2008 517 2042 a
530 1993 598 2057 conj.
629 1992 721 2044 Heius.
749 1992 816 2054 vulg.
837 1991 1050 2056 marium—⁸1⁰
1074 1991 1128 2041 Alii
1150 1992 1313 2054 Pheretiade,

207 2056 250 2106 vel
269 2056 509 2108 Pheretiadae-³11
527 2059 562 2106 Et
581 2072 643 2107 curs.
666 2057 757 2105 Heius,
780 2055 854 2104 dedit
884 2069 918 2104 ex
938 2047 1100 2114 melioribus3
1128 2055 1172 2104 alii
1190 2070 1312 2120 cursuque.

706 2232 813 2284 NOTAE

207 2348 338 2407 terrasque
359 2345 482 2397 barathra
504 2347 560 2398 visu
588 2352 737 2410 penetrasse
778 2343 887 2394 fratrum
908 2342 981 2404 dicit,
998 2342 1123 2406 Eurytum
1140 2348 1167 2392 et
1178 2342 1312 2404 creatum,

207 2417 311 2468 dicitur.
327 2418 481 2484 Argonauta
492 2423 571 2474 etiarn
582 2423 641 2474 fuit.
778 2419 810 2468 ah
823 2418 938 2470 Heredis
950 2423 1043 2482 postea
1054 2418 1160 2468 occisos.

238 2499 286 2544 001
305 2494 373 2558 Idas]
389 2497 488 2560 Lyncei
499 2497 648 2548 fuitfrater.
810 2494 926 2558 Phyleus]
950 2495 1050 2559 Augeae
1069 2493 1121 2545 fuit
1138 2494 1214 2556 filius,
1232 2511 1309 2560 quem
1407 2531 1408 2534 κ

241 2569 350 2633 Caresus]
366 2571 427 2621 Fuit
443 2573 529 2621 Caeuls
550 2573 620 2622 Elati
637 2571 700 2631 lilia,
711 2571 737 2619 iu
778 2569 914 2634 Hercules,
925 2577 1000 2633 patre
1017 2570 1115 2631 occiso,
1126 2571 1192 2634 qood
1205 2571 1310 2634 purgati

205 2657 303 2694 marem
321 2659 337 2692 a
354 2645 488 2709 Neptuno,
497 2660 544 2710 pro
555 2645 673 2708 dereptae
687 2645 737 2692 vir·
778 2645 875 2694 stabuli
896 2645 1044 2695 mercedem
1074 2646 1226 2708 denegarat,
1254 2646 1311 2711 ejus

206 2718 322 2780 ginitatis
342 2720 438 2782 pretio,
454 2727 572 2780 mutata;
588 2719 662 2784 cujus
682 2717 738 2768 fuse
776 2723 835 2772 loco
847 2737 956 2786 regnare
962 2723 1050 2786 jussit.

204 2785 338 2844 historiam
356 2795 465 2847 hiatum.
482 2809 568 2866 xtra
580 2799 635 2846 rue.
652 2807 738 2855 versu,
809 2803 857 2848 109
875 2797 996 2860 Polemon]
1017 2799 1075 2848 Rex
1092 2796 1143 2848 fuit
1163 2799 1312 2865 Salaminis,

205 2868 288 2920 refert
299 2871 416 2922 Poita..
775 2872 1129 2938 AEacifinusmjactspater.

238 2951 288 3000 300
312 2947 456 3012 ιιιείρριιι]
485 2946 601 3012 Apharei
616 2944 668 2996 fnit
685 2943 737 2994 fra·
811 2951 923 3014 Creator]
945 2952 1054 3002 Poleam
1075 2951 1147 3015 dicit,
1161 2952 1310 3004 Telamonia

205 3029 255 3085 ter,
263 3022 378 3073 Perierei
388 3037 434 3073 ssu
446 3022 560 3072 Perleris
570 3021 649 3084 filius,
662 3027 739 3085 pater
777 3025 895 3077 fratrem.

205 3097 318 3149 Phoehes
340 3104 368 3148 et
386 3098 490 3160 Elaites,
510 3113 573 3163 quas
596 3097 690 3148 Castor
709 3104 737 3147 et
810 3108 858 3152 110
881 3103 1035 3168 Pheretiade]
1071 3102 1211 3154 Admetum
1234 3106 1310 3156 iutel-

206 3175 302 3224 Pollux
314 3187 406 3238 rapere
418 3173 504 3224 conati
515 3181 585 3223 sunt.
776 3177 839 3242 lige,
857 3178 977 3228 Pheretis
995 3177 1087 3241 filium,
1103 3179 1214 3229 Alcestis
1232 3183 1309 3232 mari·

238 3247 352 3312 Acium]
368 3247 450 3298 Pelius
468 3249 648 3300 Thessalorum
665 3249 735 3312 regis
777 3258 841 3316 tum,
860 3252 934 3316 cujus
952 3252 1084 3303 historiam
1099 3262 1187 3304 nostra
1206 3271 1308 3323 quoque

203 3321 345 3374 initiilius.
481 3337 485 3344 ¹
777 3329 879 3378 theatra
890 3329 1097 3380 celebraverunt

238 3403 286 3447 007
303 3397 463 3461 Hippothous]
481 3397 734 3462 monasterum·
808 3403 886 3467 loluo]
903 3405 981 3455 Hunc
998 3404 1092 3469 Iphicli
1109 3403 1190 3456 tilium
1208 3408 1310 3457 Hercu·

206 3473 283 3532 sutis,
294 3469 351 3524 170.
369 3474 457 3536 capite
470 3472 588 3529 meminit
607 3472 734 3538 Hyginus
775 3480 813 3530 les
824 3480 850 3528 iu
862 3479 1041 3530 interficienda
1052 3481 1135 3544 hydra
1154 3483 1307 3536 sociumha·

205 3545 284 3596 Illum
302 3553 389 3597 autem
406 3547 535 3612 Geryonis
557 3547 621 3598 facit
637 3547 735 3612 filium3
775 3555 839 3605 buit.
873 3555 1009 3620 Hyanteos
1020 3555 1124 3622 drortur,
1134 3573 1195 3622 qma
1198 3559 1308 3612 B'rsoti·

205 3637 265 3673 cum
274 3623 421 3690 Cercyonis,
442 3638 475 3674 cx
492 3625 628 3689 Pausania,
649 3626 757 3692 legeu-
774 3644 835 3682 cust
853 3631 971 3696 Hyantes
983 3647 1051 3682 emm
1062 3634 1171 3684 Boeotiae
1185 3635 1284 3700 populi.

205 3696 267 3749 dumi
278 3700 321 3750 sit.
807 3711 854 3756 011
868 3708 999 3772 Eurytion]
1011 3707 1172 3774 Argonauta,
1183 3709 1308 3774 Irifilius,

238 3775 353 3840 Phoeuiu]
391 3775 451 3833 Hic,
483 3780 617 3841 postquam
646 3777 736 3826 matris
774 3796 818 3846 qm
811 3779 882 3831 furt
892 3781 1006 3846 Actoris,
1017 3789 1046 3833 nt
1057 3798 1090 3833 ex
1103 3784 1242 3849 Apollonio
1255 3787 1308 3838 col-

205 3866 281 3910 suasu
296 3867 354 3904 cum
375 3852 430 3916 ejus
450 3852 545 3916 pellice
563 3865 617 3900 rem
633 3851 735 3902 habuis-
774 3854 872 3920 ligitur.

206 3935 247 3978 set
249 3929 370 3992 ‚patris
363 3943 427 3978 rram
439 3925 562 3992 effugiens
577 3927 610 3976 ad
625 3927 735 3977 Peleum
808 3932 911 3995 Echion]
921 3932 1007 3998 Hujus
1018 3934 1098 3983 etiam
1108 3935 1225 3986 meminit
1237 3937 1307 3986 idem

204 4003 423 4070 perrenit,squo
435 4003 591 4067 perbenigne
610 4009 734 4067 acceptus
774 4005 937 4072 Apollonius,
955 4009 999 4076 qui
1016 4025 1078 4098 etim
1097 4011 1236 4063 Mercurii
1241 4010 1307 4064 sarit

203 4073 314 4126 Achillis
325 4077 482 4130 institutioni
493 4076 633 4144 praefectus
643 4076 703 4127 suit.
774 4081 864 4134 filium.

238 4154 287 4199 018
303 4149 440 4216 samua]
452 4153 555 4206 Actoris
566 4153 677 4204 Elteusis
686 4168 734 4221 par
