2886 4774
222 335 311 404 1571
556 351 561 360 ·
593 352 626 402 r.
650 347 769 400 ovtnu
793 345 957 401 ursonis
1034 343 1054 357 ''

225 497 313 578 Quae
328 515 415 562 nunc
429 515 490 580 pro
504 495 646 575 domino,
662 519 724 581 pro
739 501 839 564 vobis
853 519 946 582 saepe
960 499 1073 563 locuto
1085 504 1147 580 est,

225 597 359 664 Invidia
372 604 499 663 careat:
525 599 614 662 bona
628 620 686 663 nec
704 621 765 664 sua
779 603 919 686 quisque
930 606 1071 666 recuset.
1128 603 1132 610 '

226 701 261 764 N
262 721 314 765 am
330 721 444 784 gedue,
458 707 491 764 et
505 720 663 783 proavoS,
678 709 711 766 et
725 721 802 785 quae
818 722 884 767 non
900 704 1038 766 fecimus
1052 705 1129 786 ipsi,
1260 695 1326 770 140

224 802 298 866 Vix
313 824 354 866 ea
366 809 593 866 nostra'voco.
639 803 706 866 Sed
720 806 819 881 enim,
832 804 1041 886 quioretulit
1057 802 1151 886 Ajnx

225 903 310 968 Esse
324 903 346 967 J
349 905 424 967 ovis
439 905 622 986 pronepos,
638 907 742 968 nostri
757 926 889 988 quoque
906 907 1075 987 sanguinis
1091 911 1205 968 auctor

224 1003 357 1087 Jupiter
372 1011 440 1070 est:
462 1005 665 1086 totidemque
679 1008 798 1087 gradus
813 1006 975 1070 distemus
992 1006 1034 1068 ab
1049 1006 1119 1068 illo.

224 1103 315 1171 Nam
330 1107 409 1168 mihi
425 1104 564 1168 Laertes
580 1112 674 1188 peter
689 1115 750 1183 est,
768 1105 926 1171 Arcesius
939 1107 999 1184 illi,

223 1207 354 1290 Jupiter
367 1207 461 1270 huic:
484 1225 591 1289 neque
606 1209 640 1270 in
654 1207 707 1270 his
722 1209 898 1291 quisquam
916 1207 1091 1270 damnatus
1107 1212 1140 1270 et
1153 1208 1244 1272 exul.
1262 1209 1326 1272 145
1427 1247 1428 1256 1

223 1307 284 1371 Est
300 1328 434 1392 quoque
450 1328 508 1391 per
522 1313 659 1372 matrem
675 1304 844 1391 Cyllenius
860 1307 973 1371 addita
985 1309 1085 1372 nobis

65 1401 68 1424 ’
146 1419 148 1424 ’
224 1409 341 1474 Altera
355 1410 533 1473 nobilitas:
560 1410 650 1474 Deus
666 1411 767 1474 estin
781 1417 922 1493 utroque
932 1416 1075 1492 parente.

226 1511 292 1575 Sed
308 1531 413 1595 neque
427 1518 573 1574 materno
590 1511 680 1593 quod
697 1529 769 1574 sum
786 1511 978 1592 generosior
994 1517 1081 1589 ortu,

224 1609 298 1676 Nec
312 1611 393 1675 mihi
408 1611 498 1694 quod
513 1617 610 1694 peter
622 1617 673 1674 est
686 1611 819 1674 fraterni
830 1613 1002 1692 sanguinis
1018 1611 1144 1689 insons,

223 1713 404 1796 Proposita
419 1730 510 1774 arma
523 1717 621 1793 peto:
643 1712 767 1774 meritis
782 1713 965 1794 expendite
980 1731 1128 1778 causam.
1262 1717 1325 1782 loo
1427 1715 1428 1784 3

225 1813 418 1878 Dummodo
433 1811 521 1894 quod
537 1810 656 1875 fratres
670 1810 832 1876 Telamon
847 1811 1036 1896 Peleusque
1050 1813 1193 1893 luerunt,
1427 1799 1428 1820 ἢ

225 1914 346 1998 Ajacis
360 1915 511 1982 meritum
525 1931 593 1975 non
608 1911 670 1976 sit:
693 1931 753 1976 nec
769 1913 938 1994 sanguinis
953 1911 1045 1990 ordo,

224 2015 294 2082 Sed
309 2015 440 2079 virtutis
454 2014 558 2077 honos
574 2013 693 2096 spoliis
709 2019 876 2095 quaerntur
890 2015 923 2076 in
934 2015 1019 2079 istis.

222 2116 292 2196 Aut
306 2117 336 2181 si
350 2117 549 2200 proximitas
564 2113 759 2198 primusque
773 2113 949 2198 requiritur
963 2114 1091 2198 haeres3
1427 2175 1428 2190 ,

222 2219 284 2284 Est
297 2219 422 2300 genitor
437 2217 569 2295 PeleuS,
584 2222 635 2280 est
648 2215 794 2299 Pyrrhus
809 2215 900 2280 filius
915 2216 975 2282 illi.
1261 2220 1326 2288 155

221 2399 271 2447 que
282 2399 342 2439 nunc
352 2383 411 2433 dicit
418 2398 462 2446 pro
473 2384 574 2444 domiuo,
584 2397 644 2446 repr
655 2382 719 2432 dixit
727 2397 772 2445 pro
780 2379 853 2442 mdis,
863 2346 955 2429 inuidia
965 2383 1061 2430 carent:
1079 2390 1151 2442 neque
1159 2381 1325 2444 ulurniiieirt

171 2497 174 2502 ,
220 2449 343 2498 rualene.
377 2449 442 2496 Nant
449 2448 549 2496 neruo
561 2453 641 2496 nostra
652 2449 750 2508 stirpem
762 2452 787 2495 rt
797 2447 902 2506 maiorue,
910 2451 934 2492 et
942 2459 993 2506 quar
1002 2443 1049 2506 ipri
1060 2459 1105 2492 nou
1115 2447 1240 2506 gerrimur.
1281 2450 1328 2498 Ve-¹

220 2529 272 2560 rum
282 2514 406 2572 emmone,
418 2512 473 2574 quin
489 2513 555 2572 Aiax
573 2512 708 2560 memorauit
726 2525 751 2559 re
769 2514 980 2572 erre-pronepotem
998 2509 1076 2568 donis,
1093 2510 1191 2572 Jupiter
1202 2518 1237 2560 ert
1249 2513 1323 2561 ctiori
1427 2511 1428 2528 ¹

220 2581 301 2624 ructor
320 2579 405 2623 nottroe
424 2576 520 2635 stirpis:
538 2579 561 2623 et
578 2576 692 2623 dictumue
710 2573 740 2622 ab
755 2574 794 2622 iiio
811 2574 908 2622 totidem
923 2573 1022 2634 gradun
1057 2573 1119 2621 Nom
1138 2580 1232 2635 putrem
1251 2577 1323 2625 Andro

221 2637 333 2694 lairico,
344 2638 384 2686 itu
394 2638 528 2698 Arretium,
547 2639 585 2686 tic
600 2640 700 2686 Jocemr
719 2651 793 2699 neque
804 2638 867 2685 iuter
877 2637 930 2684 iiior
940 2639 1062 2698 quicquum
1072 2639 1196 2686 demuntur
1207 2645 1231 2687 et
1239 2635 1326 2701 profui
1427 2681 1428 2706 ἒ

218 2717 272 2763 gur.
306 2702 426 2766 Cyllenius
442 2707 478 2749 ert
496 2703 567 2749 etium
584 2703 633 2750 clia
649 2701 760 2750 nobiliter
778 2701 844 2749 nolit
861 2701 953 2760 adiecta
969 2713 1012 2762 per
1030 2705 1136 2748 matrem.
1171 2703 1324 2753 Drurertin

218 2772 317 2829 utruque
326 2771 431 2828 percute.
468 2765 554 2814 Verum
569 2777 642 2828 neque
659 2779 726 2828 porro
742 2779 810 2813 orme
827 2766 855 2812 de
871 2764 955 2826 quitur
970 2764 1060 2826 agitur,
1078 2765 1134 2826 quin
1149 2780 1201 2814 enm
1221 2769 1327 2818 notitior·

217 2831 309 2892 origine
320 2835 435 2889 materno,
452 2845 525 2893 neque
541 2831 597 2892 quic
614 2829 685 2878 tuter
702 2834 794 2892 putrem
811 2829 927 2876 intentent
937 2828 1047 2884 fraterni
1057 2829 1196 2889 ruuguinir:
1214 2832 1324 2882 dirimite

221 2896 285 2944 litem
296 2895 395 2944 neritia.
418 2895 490 2943 Modo
501 2909 530 2942 ne
537 2895 569 2943 rit
579 2895 688 2944 meritum
695 2895 786 2956 Aiacis,
794 2894 855 2955 quod
864 2892 972 2941 Telamon
980 2898 1002 2939 rt
1014 2891 1205 2952 Pelrursuerunt
1210 2895 1306 2954 fratrer
1313 2913 1329 2948 :1
1427 2925 1428 2948 i

220 2975 291 3022 neque
301 2960 372 3008 rerier
382 2959 601 3019 consanguinitatis,
620 2961 660 3008 red
678 2960 746 3007 decue
756 2958 855 3006 virtutis
871 2962 990 3018 queretur
1000 2957 1028 3004 in
1043 2956 1098 3004 ictis
1108 2959 1210 3006 escuir.
1249 2961 1324 3009 Vetti
1427 2985 1428 2996 π

216 3023 382 3086 propinquitas
391 3027 416 3072 et
429 3022 552 3086 proximus
562 3023 637 3072 iteres
646 3021 786 3086 requiritur,
804 3019 844 3070 iiie
854 3019 922 3070 iubet
930 3025 1023 3083 putrem
1040 3021 1145 3088 Petrum,
1158 3021 1228 3071 iubet
1239 3025 1323 3088 siliunt
1427 3011 1428 3048 l

219 3225 313 3272 uidrtttr
334 3221 413 3271 etium
437 3237 501 3271 unus
520 3223 583 3271 Bas.
600 3222 706 3283 soletur,
730 3221 800 3285 quod
820 3227 848 3270 et
865 3222 951 3284 placet
968 3220 1152 3270 nomin-ret
1169 3221 1215 3270 Pr.
1239 3223 1321 3272 Gron-

219 3289 268 3336 lroec
287 3287 473 3336 solemio-144
502 3287 608 3349 Legitur
627 3287 706 3336 etiam
735 3287 762 3334 in
781 3286 868 3334 multis
890 3284 957 3334 Edd.
988 3292 1016 3334 et
1044 3285 1146 3347 scriptis
1170 3289 1320 3336 Anicius.-

219 3354 265 3398 153
283 3351 315 3399 In
328 3350 570 3414 ¹melioriburlunor²
592 3357 660 3400 terte
683 3350 774 3400 Heius.
803 3350 872 3413 vulg.
883 3349 1048 3400 turon-1⁵6
1067 3350 1181 3400 Berolin.
1205 3352 1325 3401 Phthiam
1427 3393 1428 3412 ,

711 3477 818 3531 NOTAE

218 3593 323 3642 animati
345 3598 404 3642 uun
429 3592 546 3657 plerique
565 3591 690 3656 homines,
715 3598 746 3641 ut
818 3590 1319 3658 lidCyllenius]Mercuriur,eCyllene

217 3669 338 3736 superbie
348 3685 393 3720 sur
405 3675 433 3719 et
442 3670 565 3732 suipruvo
573 3683 657 3718 amore
666 3668 751 3732 quod·
785 3666 905 3716 Arcadiae
926 3675 1023 3730 monte,
1048 3661 1092 3716 ubl
1114 3677 1189 3719 natus
1211 3669 1320 3720 dicitnr.

209 3759 327 3812 eumque
344 3747 371 3795 in
391 3761 418 3796 se
435 3759 486 3794 nou
500 3745 590 3794 vident
606 3744 701 3794 bouum
719 3745 755 3794 in*
785 3743 909 3794 Anticlea
920 3753 1006 3795 autem
1015 3747 1114 3810 Ulyssir
1131 3753 1216 3796 mater
1235 3747 1326 3798 Auto··

217 3821 272 3871 eliis
281 3821 340 3871 odio
352 3821 462 3884 perdere
474 3818 607 3868 festinent.
611 3847 616 3878 1
786 3823 837 3886 lyci
849 3821 898 3871 fuit
909 3823 971 3883 filia,
989 3822 1132 3887 Autolycus
1147 3825 1271 3873 Mercurii
1283 3839 1316 3874 ex

248 3895 559 3958 recurrentiumque
576 3895 754 3960 Ajaci,Pelei·
788 3899 1065 3950 chionenaedrrionir.
1318 3885 1322 3894 ⁸

214 3971 745 4034 patrui,utetTelamoutsejurdempetris,
819 3980 866 4026 152
891 3977 986 4038 Aiacis]
1022 3977 1074 4028 Qui
1102 3977 1233 4040 sanguinis
1255 3969 1324 4042 jure'

217 4045 313 4094 crimen
336 4047 467 4110 objectet:
496 4046 613 4096 Phocum
635 4061 751 4112 namque·
785 4053 909 4115 patruelis
925 4053 1002 4101 aruris
1019 4053 1191 4119 potiusquam
1207 4055 1314 4120 Ulyerer

216 4117 321 4166 fratrem
332 4121 364 4169 ab
380 4127 487 4188 utroque
504 4121 671 4174 interfectum
681 4137 744 4174 nou·
784 4129 865 4192 potiri
875 4127 1021 4178 debuerat*
1086 4141 1098 4146 ”

216 4193 279 4241 nulli
289 4193 455 4258 scripserunt.
613 4232 616 4237 -
642 4221 647 4227 ·
817 4207 864 4254 155
881 4203 935 4268 Illi]
957 4201 1178 4270 Achillipcilicet·
