2866 4772
358 297 364 306 '
413 327 769 386 unuauoneuosaou
795 337 867 390 orn.
891 339 948 410 rm.
1140 327 1226 394 1471

132 467 284 544 Flumen,
299 471 333 530 ot
345 465 487 534 humano
500 467 541 536 do
554 489 692 555 corpore
706 477 808 542 cessit
819 479 857 542 iu
871 497 1021 555 amnem.

130 567 236 632 Nunc
252 567 466 651 quoquejam
480 573 600 637 veteris
615 584 774 658 percepto
789 580 912 644 semino
926 599 1019 648 venae

130 667 226 734 Arva
239 670 358 751 rigent,
373 688 454 736 auro
465 671 609 736 madidis
624 677 784 756 pallentia
797 680 915 760 glebis.
1162 689 1227 753 ltu

319 949 409 1036 Fau.
432 971 497 1037 IV.
510 1033 514 1042 ,
540 973 645 1040 Midae
661 995 757 1044 aures
770 978 805 1058 in
819 977 916 1045 Asini
931 999 1040 1050 aures.

128 1125 203 1197 Pau,
215 1149 272 1183 cum
283 1135 398 1186 Tmolum
413 1145 526 1190 montem
543 1141 631 1203 Lydiae
644 1141 811 1208 frequentans
822 1143 908 1195 fistula
926 1161 953 1196 se
974 1148 1127 1213 oblectaret,
1144 1151 1226 1202 elatus

163 1215 245 1277 gloria
256 1217 394 1278 agrestium
407 1218 594 1284 Nympharum,
609 1221 756 1286 Apollinem
772 1224 798 1272 in
814 1232 945 1274 certamen
957 1226 1100 1278 devocavit.
1133 1231 1226 1294 Judice

162 1309 226 1356 argo
237 1297 335 1357 Tmolo,
345 1296 419 1361 cujm
429 1313 501 1350 mons
512 1307 578 1366 erat,
587 1317 647 1351 cum
655 1303 762 1353 victorin
773 1304 886 1369 Apollini
897 1313 968 1356 essot
978 1307 1136 1372 adjudicata,
1144 1311 1225 1362 mua
1252 1355 1260 1371 ,

161 1375 219 1437 regi
234 1369 383 1438 supradicto
395 1379 518 1431 assidenti
529 1382 577 1431 soli
589 1382 729 1446 displicuit.
757 1385 840 1436 Quam
852 1385 886 1436 ob
896 1401 997 1440 carneam
1008 1387 1112 1452 Apollo,
1123 1389 1156 1442 ob
1166 1404 1226 1442 eum

161 1454 221 1503 dem
233 1457 379 1520 stultitiam,
390 1473 465 1522 quoru
477 1467 505 1511 et
516 1475 594 1525 supra
610 1471 725 1526 gesserat
735 1464 760 1513 iu
772 1465 861 1516 Liberi
878 1467 959 1530 patris
975 1469 1116 1532 voluntate,
1133 1467 1226 1530 iratus,

161 1547 236 1582 atores
248 1535 301 1597 ejus
313 1535 418 1585 asininos
430 1544 460 1587 ut
475 1547 562 1589 essent
574 1543 744 1605 sempiterno,
761 1543 859 1606 effecit,
876 1545 949 1610 cujus
964 1545 1092 1611 judicium
1107 1545 1171 1597 nulli
1187 1547 1226 1600 rei

159 1611 286 1664 facerent.
307 1615 358 1668 Qut
368 1621 453 1666 tanuen
465 1617 549 1669 fertur
559 1621 646 1671 Midas
654 1636 711 1672 esse
722 1625 816 1674 Matris
825 1625 930 1691 Magnae
941 1626 1025 1678 filius:
1041 1628 1154 1679 ticonius
1165 1641 1225 1678 curn

160 1692 278 1743 Hesiodo
289 1697 418 1746 consentit
429 1697 549 1770 Ovidius.
1052 1695 1062 1706 ”

128 1823 244 1924 loun,
258 1866 397 1930 perosus
412 1868 507 1932 opos,
523 1849 638 1932 sylvas
652 1857 686 1915 et
701 1871 777 1936 rura
790 1833 1013 1934 colebatis-'⁸²

128 1949 292 2032 Panaque
308 1950 469 2012 montanis
481 1949 685 2016 habitantem
701 1972 831 2036 semper
842 1956 875 2018 in
890 1957 1006 2022 antris.

127 2037 258 2131 Pingue
273 2048 333 2112 sed
348 2051 511 2130 ingenium
529 2053 669 2117 mansit:
691 2056 921 2137 nocituraque,
936 2065 975 2122 ut
989 2065 1079 2136 ante,

128 2149 259 2216 Rursus
275 2157 369 2214 erant
383 2150 517 2222 domino
536 2153 673 2218 stolidae'
683 2153 865 2238 praec'ordia
879 2159 1011 2225 mentis.

129 2253 233 2330 Nam,
248 2253 329 2316 treta
345 2254 567 2336 prospiciens,
582 2255 651 2320 late
664 2258 748 2340 riget
762 2257 887 2322 arduus
901 2259 968 2324 alto
1160 2261 1225 2326 150

100 2393 106 2401 ·
127 2353 268 2423 Tmolus
283 2355 318 2418 in
333 2373 487 2438 ascensu,
503 2358 654 2441 clivoque
669 2364 820 2424 extentus
834 2366 986 2446 utruque,

109 2457 115 2468 ‘
129 2455 293 2519 Sardibus
306 2455 393 2533 hinc,
409 2458 498 2521 illinc
513 2460 626 2541 paruis
640 2459 749 2524 finitur
764 2461 942 2546 Hypaepis

127 2554 202 2621 Pan
215 2556 264 2620 ibi
279 2556 358 2620 dum
372 2559 492 2643 toneris
499 2558 606 2642 jactat
620 2579 682 2625 sna
696 2562 843 2626 carmina
854 2561 1032 2648 Nymphis

121 2785 236 2849 fluuium,
246 2792 270 2836 et
281 2786 378 2836 transiit
388 2802 403 2836 u
419 2791 514 2850 corpure
523 2787 622 2836 lamone
632 2790 659 2837 ia'
668 2788 770 2852 flumen
804 2789 875 2836 Nunc
885 2789 957 2838 etiam
967 2789 1053 2853 compi,
1059 2791 1144 2853 pallidi
1149 2785 1224 2854 gladii

125 2851 204 2916 plenis
215 2867 280 2910 aar-o,
290 2852 445 2899 induruerunt
455 2852 540 2900 semiue
551 2853 651 2900 mmirro
660 2853 782 2912 teuoejum
792 2853 886 2900 ceteris.
1163 2849 1166 2854 ’

160 2929 198 2964 tv.
215 2915 261 2964 Ille
272 2929 354 2963 esame
364 2915 461 2964 diritius
465 2914 634 2978 frequentabat
644 2918 722 2978 sylvas
737 2921 761 2963 et
771 2929 837 2974 urso,
848 2922 871 2964 et
888 2916 958 2963 Paua
968 2917 1088 2977 degentem
1098 2929 1187 2980 semper
1197 2917 1224 2966 ia

126 2980 244 3042 mulctaris
252 2980 375 3028 montanis.
408 2980 455 3027 Sed
464 2975 553 3028 indoles
562 2994 640 3028 musso
651 2980 798 3040 permanan
814 2983 838 3026 et
848 2979 989 3038 consutorum
1006 2983 1081 3026 denuo
1091 2979 1224 3037 adfuturum

126 3047 221 3091 domiuo
238 3047 265 3089 at
281 3044 356 3105 prius.
391 3045 454 3092 Num
484 3044 577 3091 Tmolus
596 3044 698 3092 anselm
713 3042 804 3108 difficili
822 3057 916 3090 ascensu
932 3043 996 3102 riget
1012 3043 1074 3104 luto,v
1084 3043 1225 3104 prospiciens
1322 3086 1324 3092 .

127 3110 207 3154 murto
213 3122 223 3162 ,·
234 3113 257 3155 et
265 3113 386 3167 porrectus
395 3109 451 3157 rollo
461 3112 557 3170 utruque
566 3107 620 3155 liar
630 3107 771 3154 terminatur·
780 3106 904 3166 Sordidus,
921 3107 986 3154 illinc
997 3106 1092 3164 erigaris
1099 3107 1224 3169 Hypaepis.

129 3171 197 3219 Dum
210 3173 263 3220 Pau
273 3171 394 3230 idijcctot
403 3187 457 3220 anos
463 3185 542 3220 veram
552 3171 815 3234 metropopolim
827 3171 890 3220 cauit
899 3176 990 3220 tenuem
997 3170 1223 3236 cuntileuomflstulu

129 3386 282 3436 ruina—lit
301 3385 390 3436 Heius.
401 3389 513 3437 malebat
524 3394 573 3436 tom
584 3391 630 3436 net.
657 3387 729 3434 Tunc
740 3386 852 3451 quinque
864 3387 922 3435 libri
931 3389 1134 3449 meropia-lto
1150 3384 1223 3434 Unus

131 3450 225 3499 Heius.
237 3467 287 3500 nur.
306 3453 393 3513 rigulis
409 3454 466 3514 pull.
502 3453 574 3501 Med.
594 3449 828 3501 consumemus.
862 3452 930 3502 Dein
950 3453 990 3499 Fr.
1013 3449 1127 3512 pollentio
1133 3464 1143 3505 ‚·
1159 3462 1223 3496 notu

128 3513 223 3562 Heius.
237 3515 372 3576 placentin
390 3517 500 3578 lloschii,
514 3515 611 3577 Timoli,
627 3521 654 3564 et
671 3514 736 3576 Arge
751 3517 949 3577 porentia-llil
976 3516 1061 3562 surm.
1079 3513 1148 3575 conj.
1165 3512 1225 3561 luda

128 3591 204 3640 peres.
245 3577 372 3640 Syinmque
391 3580 482 3628 Heius.
502 3580 606 3628 volebat
623 3593 680 3626 cunr
704 3578 791 3627 Aldin.
810 3586 837 3627 ct
860 3581 916 3627 aliis
935 3579 1081 3626 an-14⁷
1104 3575 1225 3637 Complu-
1297 3601 1304 3610 -

128 3655 173 3690 res
194 3641 221 3689 iu
238 3643 405 3689 arcia-149
425 3643 503 3690 Mnlti
525 3642 616 3704 scripti
635 3642 696 3688 dom.
714 3639 1225 3702 stultissima—15⁰Fragm'lhentiu.

126 3719 208 3769 prosp.
226 3719 311 3764 magno
330 3705 377 3765 rig.
397 3709 449 3756 ard.
467 3707 524 3754 ulte.
565 3707 599 3755 Ο.
618 3705 696 3754 ettam
716 3713 743 3754 et
760 3705 863 3768 quidam
879 3705 921 3753 ulii
940 3706 1002 3752 uite:
1028 3705 1128 3752 Cmscu.
1149 3706 1223 3753 arcto.

129 3773 211 3838 -lol
228 3770 331 3834 Fragm.
342 3769 459 3820 Tueatin.
477 3769 563 3819 otduo
577 3769 621 3818 alii
639 3769 665 3818 iu
677 3784 775 3820 nomm.
807 3769 860 3818 Alii
878 3769 960 3830 cliroq.
978 3769 1173 3818 extenuare—lit
1189 3763 1225 3812 U-

595 3883 599 3892 “
625 3911 734 3962 noun

163 4013 211 4058 147
229 4009 352 4072 Panaque]
381 4010 441 4062 Fuit
451 4009 509 4059 Pan
529 4014 660 4073 pastorum
733 3979 925 4071 1'52'Hypopn]
953 4007 1068 4055 Fuerunt
1089 4003 1225 4066 Hypaepa.
1280 4045 1283 4051 .

131 4085 213 4146 Deus,
223 4085 376 4150 semicaper,
383 4091 414 4140 ,et
424 4092 556 4148 cornutus,
567 4082 601 4138 de
609 4097 659 4148 quo
700 4099 745 4134 aera
757 4084 880 4146 Hypseus
891 4082 918 4130 iu
934 4081 1054 4145 singulari
1070 4093 1187 4141 nurnero,
1197 4086 1227 4128 ut

131 4159 229 4208 Metu
700 4156 1226 4241 uliiefferunt,urlolaydirollcnetisacru·
