2886 4774
402 359 758 410 nunnnoumrosuon
783 361 856 409 cru.
880 361 967 410 xrn.
1149 343 1237 410 1577

135 503 265 570 Ausum
280 499 410 584 eadem,
425 525 500 590 quae
515 526 588 583 nos,
604 495 751 588 Phrygia
764 505 804 567 de
819 509 914 587 gente
931 505 1064 569 Dolona
1119 495 1124 502 ’

134 605 313 671 Interimo:
335 628 400 672 non
416 613 490 671 aute
507 616 629 683 tamen,
643 627 743 690 quam
759 614 879 698 cuncta
892 606 987 689 coegi
1165 601 1235 669 245
1255 685 1258 690 ¹

135 707 302 774 Prodere:
326 717 359 774 et
373 709 496 772 edidici
512 709 593 791 quid
608 708 737 789 perfida
751 695 854 790 Troja
868 714 1012 789 pararet.
1215 713 1221 720 '

135 807 257 873 Omnia
273 829 467 890 cognoram:
490 827 565 885 nec,
580 801 671 890 quod
687 809 883 890 specularer,
899 809 1081 872 habebam:

135 907 180 972 Et
187 910 258 993 jam
272 911 448 992 praemissa
463 917 610 992 poteram
625 903 699 971 cum
715 907 816 970 laude
832 910 960 971 reverti.

135 1008 242 1072 Haud¹
257 1015 428 1072 contentus
440 1029 490 1086 ea,
505 1010 584 1092 petii
598 1008 739 1072 tentoria
755 1007 873 1086 Rhesi,

135 1109 243 1198 Ipque
257 1113 329 1173 suis
344 1112 456 1192 ipsum
472 1111 591 1174 castris
607 1111 815 1192 comitesque
826 1111 962 1192 peremi.
1171 1107 1237 1173 2⁵0

136 1209 251 1292 Atque
266 1212 465 1302 itacaptivo
481 1215 586 1277 victor
598 1213 753 1293 votisque
767 1214 904 1293 potitus,
1242 1203 1246 1210 ’

136 1310 310 1392 Ingrediar
325 1331 423 1376 curru
438 1315 536 1376 laetos
549 1312 699 1376 imitante
719 1314 921 1394 triumphose

135 1410 244 1495 Cujus
258 1433 365 1495 equos
379 1416 519 1496 pretium
536 1435 598 1497 pro
612 1422 709 1478 nocte
723 1420 924 1498 poposcerat
937 1413 1054 1479 hostis.

93 1531 96 1538 ’
134 1511 241 1577 Arma
256 1521 375 1595 negate
389 1516 488 1578 mihi:
509 1509 675 1596 fueritque
691 1515 860 1594 benignior
874 1512 977 1596 Ajax.
1033 1553 1036 1560 ,
1073 1503 1075 1507 ’
1300 1587 1303 1594 ,

135 1612 229 1691 Quid
245 1615 340 1698 Lycii
352 1615 490 1678 referam
506 1616 711 1699 Sarpedonis
725 1616 856 1696 agmina
870 1613 958 1679 ferro
1172 1616 1238 1681 255

135 1714 320 1778 Devasmta
333 1717 430 1780 meol
454 1736 530 1780 cum
545 1717 648 1779 multo
660 1715 902 1797 sanguineiudi
935 1757 943 1768 -

136 1813 311 1903 Cperanon,
329 1817 551 1901 Hippasiden,
567 1824 601 1882 et
615 1816 853 1900 Alastoraque,
870 1817 1137 1903 Chromiumque,
1232 1807 1246 1880 f

133 1978 232 2042 corrfieio
244 1979 355 2050 Dolonem
366 1983 394 2029 de
406 1984 499 2032 natans
511 1975 750 2045 requiescentem
769 1977 975 2045 eodemqueanno:
991 1983 1063 2046 ae'que
1072 1985 1150 2032 temeri
1167 1984 1237 2047 priris

134 2057 204 2104 quarn
211 2044 277 2103 eo'cgi
287 2046 362 2093 amrriu
374 2048 476 2108 aperire,
488 2053 512 2095 et
522 2050 618 2109 pernovi
633 2051 690 2110 quid
701 2047 775 2110 infida
789 2046 861 2106 Troja
871 2052 1001 2095 conaretur.
1036 2049 1127 2095 Cuncta
1137 2050 1235 2096 rescire·

134 2121 187 2172 runs
194 2122 204 2163 ;
220 2122 291 2168 neque
300 2115 421 2171 supererat
435 2113 493 2173 quod
510 2113 671 2173 explorarem:
688 2110 771 2170 etiam
785 2115 889 2174 poteram
908 2110 986 2158 redire
997 2126 1050 2158 cum
1059 2111 1136 2170 gloria
1146 2115 1236 2176 antero

133 2171 211 2218 dente.
246 2171 302 2219 Non
313 2175 418 2234 expletus
428 2190 463 2233 ea,
473 2175 523 2222 adii
534 2175 636 2223 tentoria
649 2175 731 2234 Rhesi,
740 2179 808 2236 atque
819 2174 919 2221 maetaui
930 2175 1006 2235 ipsum
1017 2187 1069 2221 cunr
1077 2173 1200 2221 comitibus
1210 2173 1236 2220 in

132 2234 185 2282 suis
195 2235 295 2283 castris.-
312 2241 380 2299 atque
391 2239 426 2285 ita
435 2239 509 2286 uictor
519 2243 543 2286 et
553 2239 602 2287 soti
609 2253 699 2300 campos
709 2239 830 2298 ingredior
840 2251 912 2286 curru
926 2236 1140 2294 imitantesestiros
1150 2237 1236 2284 trium·

131 2298 199 2359 piros.
233 2300 327 2359 Negata
346 2301 403 2349 milri
413 2315 489 2364 armo,
501 2303 567 2364 enjus
584 2318 653 2366 equos
670 2301 744 2350 noun
759 2303 860 2363 petierat
872 2303 998 2349 mercedem
1013 2306 1148 2363 prandete:
1165 2305 1237 2364 atque

134 2363 201 2422 sijau
206 2361 285 2423 suerit
295 2364 464 2427 beneficentior.
500 2367 551 2413 Cur·
569 2381 689 2416 memorem
706 2366 803 2426 agnano
815 2363 957 2426 Sarpedonis
967 2365 1036 2427 Lpaii
1045 2367 1165 2427 prostrata
1177 2362 1248 2411 meis'

133 2423 228 2478 armis?
245 2427 383 2491 Profligaoi
401 2445 452 2478 cum
466 2431 545 2486 ,multa
562 2435 643 2493 strage
662 2431 777 2480 Caranon
796 2428 926 2494 lpnuiaen,
938 2433 961 2477 et
972 2429 1115 2492 Amatorem,
1126 2432 1148 2476 et
1163 2427 1237 2476 Chro-

134 2653 211 2716 burg.
236 2653 327 2704 Urbiu.
349 2657 423 2706 Cant.
442 2671 493 2707 sec.
514 2658 572 2706 Pal.
589 2663 620 2708 et
640 2657 682 2705 alii
704 2656 889 2722 quinqueSirr
904 2657 982 2719 vrrlgo
1001 2657 1058 2706 Sed.
1083 2655 1197 2706 Berolin.
1214 2659 1247 2704 et¹

134 2716 306 2768 tumre-ala·
316 2719 375 2768 Aue.
387 2723 459 2770 etiam
470 2723 497 2771 S.
509 2722 603 2778 Marci.
614 2722 706 2771 Urbin.
723 2720 756 2771 N.'
775 2736 815 2784 pr.
834 2723 932 2771 Erfort.
948 2722 1060 2770 etmulti
1071 2721 1114 2770 elii
1125 2721 1248 2780 :Bonna

134 2784 245 2846 praefert
257 2785 324 2845 vulg.
338 2787 426 2833 eadem.
445 2786 533 2835 Heius.
547 2787 615 2850 conj.
632 2786 691 2835 Aua.
703 2787 782 2834 eadem
792 2785 866 2835 nebu·
898 2787 971 2834 Unus
984 2784 1047 2840 Cod.
1058 2787 1098 2846 qui
1108 2785 1238 2831 nos-246

136 2844 171 2895 Ο.
182 2848 239 2908 quid
249 2849 354 2896 maxima
367 2849 474 2897 Τ.-247
493 2851 562 2904 Quod
574 2865 631 2898 cum
652 2857 707 2910 opt.
719 2850 757 2896 Fl.
770 2865 808 2911 pr.
819 2847 918 2898 Erfurt.
930 2854 958 2896 et
978 2850 1047 2896 Mor.
1063 2854 1091 2895 ot
1109 2845 1238 2894 Tuisdeu.

134 2924 193 2959 eum
205 2926 257 2960 uno
273 2912 365 2960 Heius.
384 2913 451 2975 vulg.
471 2915 617 2975 quid-248
633 2913 759 2960 Praemisso
779 2927 812 2960 ex
830 2909 1003 2973 compluribus
1015 2911 1116 2972 recepit
1136 2907 1238 2970 Heius,

135 2974 179 3038 qui
200 2985 227 3023 et
242 2977 373 3038 promerita
391 2977 443 3038 legi
464 2991 540 3038 posse
560 2976 687 3040 putabat:
704 2976 773 3036 vulg.
789 2976 994 3038 promissa-254
1011 2975 1055 3022 Sic
1075 2975 1102 3021 iu
1121 2971 1238 3036 plurimis

134 3046 201 3087 vett.
229 3039 310 3089 At'in
332 3055 383 3088 uno
406 3038 508 3088 Ciofani
528 3047 556 3089 et
575 3042 679 3089 Fames.
690 3037 769 3097 fuerit
784 3037 878 3098 benign.
895 3038 1065 3100 omissoque.-
1082 3037 1161 3097 suerit
1177 3038 1246 3099 qsod·
1280 3049 1284 3056 ·

134 3103 232 3164 dignior
242 3117 306 3152 unus
318 3104 377 3152 Bas.
397 3103 476 3162 suerit
487 3104 542 3166 qrda
553 3105 649 3166 dignior
660 3105 724 3151 Ere.
741 3101 862 3152 Calandr.
881 3101 961 3160 suerit
978 3117 1066 3166 qnoque
1083 3100 1178 3162 dignior
1186 3113 1238 3148 sec.

134 3165 167 3216 Α
178 3166 306 3229 fueratque
317 3166 416 3217 Aruud.
440 3169 531 3217 Heius.
544 3169 612 3231 conj.
630 3167 793 3228 tuleritqneea
811 3166 907 3226 dignior
918 3166 1002 3226 Ajam
1019 3167 1059 3213 vel
1072 3163 1192 3226 fueritque
1201 3163 1240 3212 iris

27 3263 35 3282 a
134 3231 246 3291 dignior:
263 3232 383 3280 Muretus
404 3232 506 3280 emend.
518 3232 586 3292 jerat
604 3233 653 3280 trac
670 3236 696 3278 ut
714 3233 816 3290 dmum
843 3229 875 3278 ln
892 3229 1043 3293 quibusdam
1055 3229 1121 3278 Edd.
1140 3240 1238 3291 prace-

133 3293 227 3342 dentes
241 3309 327 3344 versus
338 3296 374 3344 sic
387 3296 598 3358 distinguuntur:
616 3296 725 3344 imitante
737 3294 875 3357 triumpiros.
901 3293 974 3354 cmm
990 3309 1010 3342 e.
1024 3309 1051 3356 p.
1068 3309 1092 3356 p.
1108 3308 1132 3342 rr.
1148 3307 1172 3354 p.
1188 3291 1240 3339 ios-

135 3359 177 3430 tis-
190 3359 264 3408 Arma
285 3374 339 3422 neg.
361 3363 484 3424 &ceddo
502 3361 546 3410 Fr.
564 3361 652 3422 agmin.
685 3359 777 3422 Marte,
793 3357 862 3422 quod
880 3357 954 3407 valde
973 3359 1060 3422 placet
1070 3357 1238 3406 Burm-idt

633 3485 740 3538 NOTAE

169 3607 218 3654 244
252 3601 354 3665 Eodem]
393 3601 526 3662 Hostium,
560 3598 669 3662 scilicet,
741 3602 788 3648 255
806 3597 962 3663 Sarpedonis]
990 3597 1042 3649 Qui
1057 3596 1130 3648 Jovis
1145 3596 1240 3646 fuitex

136 3673 225 3728 distre
236 3677 385 3740 speculandi
396 3691 474 3726 causa
485 3677 581 3726 subire.
709 3676 815 3738 Europa
832 3674 909 3737 filius,
936 3689 991 3723 rex.
1005 3675 1102 3736 Lyciae,
1122 3669 1241 3735 'Projenis

132 3805 136 3814 ,
169 3757 219 3804 249
235 3753 321 3816 Rhesi]
342 3751 463 3802 Thracia
475 3753 554 3816 regis,
574 3751 670 3815 dequo
709 3749 1035 3811 favens‚sPatroclo,post
1043 3749 1137 3796 multos
1145 3761 1177 3794 err
1186 3746 1242 3814 ejus

135 3843 221 3894 supra.
332 3829 335 3836 '
710 3823 786 3871 sociis
808 3821 841 3870 ab
863 3823 958 3885 Ulysss
980 3825 1115 3883 mactatos,
1136 3819 1241 3874 mamm

150 3909 217 3954 '2⁶³
237 3904 321 3968 Omns]
339 3903 456 3966 Achillis,
464 3903 580 3953 scilicet:
599 3917 674 3951 nam·
691 3941 692 3948 ,
710 3895 875 3947 interfectus.
1248 3963 1251 3968 Ι

136 3994 187 4045 qus
198 3981 340 4044 ejusequos
351 3979 535 4042 speculationis
545 3993 597 4028 suas
609 3991 668 4042 pre·
739 3976 787 4021 257
803 3971 964 4036 Hippnriden]
987 3971 1038 4022 Alii
1051 3973 1139 4036 legunt
1154 3971 1241 4035 lptiti·

136 4057 201 4106 tisun
213 4056 299 4104 Dolon
311 4061 475 4118 poposcerat.
627 4079 629 4084 ·
646 4077 649 4084 »
708 4051 763 4112 den,
774 4045 1116 4113 lplrltlfilin'ln,Sarpedonis
1124 4061 1240 4103 unacum

169 4135 218 4180 254
237 4131 340 4192 Negare]
367 4130 599 4196 lroulaest,quam
609 4139 668 4179 mox
708 4123 876 4192 sequentibus
888 4125 1018 4176 comitem.

138 4207 277 4272 comitatur
288 4206 380 4258 irrisio.
816 4221 821 4232 ·
