2840 4766
405 311 763 362 uurrnonruosuon
787 315 861 364 me.
883 317 963 367 vur.
1145 301 1233 370 1³23

122 452 163 516 A
178 453 283 537 sylvis
297 455 423 536 sylvae,
439 463 474 519 et
488 457 530 520 ab
546 457 635 520 arvis
651 459 864 522 arverevelli.

124 553 285 637 Cumque
298 553 374 618 loco
390 555 578 639 Nymphae
594 576 756 621 memores
769 567 838 622 tum
853 559 991 642 denique
1005 561 1120 640 nostri,
1135 614 1138 622 ,
1165 560 1230 626 585

123 655 171 718 In
186 651 273 728 freta
288 659 449 736 provolvi.
494 659 636 722 Fluctus
651 668 829 742 nosterque
844 663 1013 744 marisque

123 755 333 819 Continuam
348 757 479 820 diduxit
492 759 624 821 humum
637 780 646 838 ;
669 767 846 842 partesque
859 763 997 826 resolvit
1012 813 1017 825 r

124 856 169 918 In
185 857 335 936 totidem,
352 859 470 921 mediis
483 863 564 942 quot
578 861 687 923 cernis
700 859 889 925 Echinadas
905 862 1012 952 undis.

319 1147 336 1226 ’ς
352 1157 456 1226 Fan.
479 1159 545 1232 VI:
589 1156 752 1225 Perimele
768 1162 803 1224 in
819 1160 981 1228 Insulam.

121 1307 276 1376 Pertinere
286 1326 624 1390 Hippodamantisfiliaeum
633 1327 665 1376 ab
674 1327 789 1376 Acheloo
798 1341 872 1376 amne
881 1327 985 1390 pervim
995 1332 1063 1376 esset
1070 1343 1226 1392 compressu,

156 1415 235 1470 peter
247 1422 303 1456 earn
316 1406 349 1455 ob
360 1406 494 1456 admissum
505 1407 683 1472 praecipitavit
693 1407 718 1455 iu
731 1405 851 1469 pelagus(
874 1407 1010 1468 Stuprator
1021 1408 1131 1470 expetiit
1141 1409 1184 1469 lta,
1197 1413 1226 1458 ut

154 1486 285 1537 beneficio
295 1487 413 1549 Neptuni
424 1500 494 1536 mare
505 1503 561 1536 eam
573 1497 696 1536 semotam
708 1487 740 1536 ab
754 1487 929 1535 Echinadihur
941 1482 1058 1536 efficeret
1066 1487 1184 1538 insulam·

121 1617 193 1703 Ur
209 1645 321 1703 tamen
335 1641 409 1724 ipse
425 1641 533 1718 viden,
548 1642 678 1723 procul,
693 1662 732 1705 eu
748 1642 868 1724 procul
878 1661 943 1706 uua
958 1644 1095 1708 recessit

122 1742 245 1805 Insula
260 1748 353 1824 grata
367 1743 458 1806 mihi.
481 1743 667 1806 Perimelen
679 1745 796 1808 navita
810 1744 902 1808 dicit.
1156 1747 1223 1810 590

124 1843 219 1922 Huic
233 1863 296 1924 ego
311 1845 490 1924 virgineum
506 1845 635 1908 dilectae
650 1864 768 1907 nomen
785 1845 902 1908 ademi.

126 1942 225 2020 Quod
242 1950 339 2027 pater
357 1945 595 2028 Hippodamas
610 1966 697 2028 aegre
712 1946 805 2009 tulit:
827 1947 925 2029 inque
940 1946 1137 2029 profundum

121 2043 280 2126 Propulit
294 2064 312 2106 e
329 2045 469 2127 scopulo
485 2048 640 2128 pariturae
653 2065 793 2128 corpora
806 2052 903 2110 natae.

120 2144 273 2228 Excepi:
295 2151 495 2228 nantemque
508 2146 625 2222 serene,
640 2144 670 2208 Ο
685 2146 840 2227 proxima,
853 2144 940 2208 coelo

1118 2291 1121 2299 ,
1216 2271 1225 2300 d

119 2347 143 2390 et
153 2342 278 2406 equaliter
288 2343 403 2392 terribilis
414 2344 450 2392 iro
461 2343 605 2406 etstnrtibus
615 2339 708 2405 obripui
719 2354 810 2392 nemore
827 2359 840 2390 n
852 2339 992 2403 nemoribus,
1003 2349 1027 2393 et
1037 2356 1127 2406 compos
1137 2357 1220 2394 neum·

116 2409 164 2468 pie.
185 2408 340 2468 Etpnotruni
350 2409 375 2455 in
385 2422 450 2456 mure
458 2410 646 2472 Nymphontem
658 2409 757 2470 denique
766 2409 841 2456 nostri
852 2423 898 2456 non
908 2407 1000 2463 oblitos,
1012 2424 1064 2457 eum
1075 2409 1131 2459 loro.
1151 2411 1221 2459 Unde

117 2475 200 2518 nostra
208 2476 232 2518 et
238 2471 302 2529 freti
312 2471 404 2520 divellit
414 2473 487 2522 solnm
498 2474 652 2534 conjunctum,
663 2476 732 2533 utque
742 2471 830 2524 uranie,
841 2472 867 2520 in
884 2473 982 2520 totidem
990 2477 1081 2537 parter,
1090 2475 1220 2536 'quotvidee

119 2535 258 2584 Echinadas
269 2535 294 2582 in
306 2535 390 2584 mediis
392 2536 514 2598 stnctihrn.
900 2561 903 2568 ·
1117 2563 1119 2568 ·

151 2613 190 2646 vr.
210 2599 329 2660 Ceteram,
341 2601 378 2647 uti
395 2601 472 2648 cernis
488 2603 539 2665 ipre
553 2603 642 2662 procul,
662 2615 711 2648 ecce
728 2614 775 2647 unu
786 2599 861 2648 insule
872 2599 930 2648 mihi
949 2606 1043 2662 accepia
1056 2603 1138 2664 procul
1153 2602 1221 2652 obiit.

118 2663 210 2710 Nuutae
228 2667 311 2710 norunt
326 2663 468 2720 Perimelen.
503 2665 557 2724 Ego
566 2666 652 2712 sustuli
669 2664 723 2712 lruir
733 2669 819 2712 amatre
829 2678 911 2712 nornen
922 2664 1063 2726 uirgineum.
1098 2667 1218 2729 Quodpn-

116 2740 170 2774 rere
180 2724 347 2788 Hippodamus
355 2727 434 2789 iniquo
441 2727 518 2776 enimn
527 2743 609 2789 passus
620 2734 670 2776 ert:
687 2733 711 2777 et
722 2727 854 2776 deturbavit
861 2743 893 2775 err
901 2734 969 2777 eunte
977 2729 1124 2792 corpurfilin
1129 2729 1217 2788 foetnm

115 2789 233 2840 minure.
267 2791 374 2854 Excepif
390 2796 414 2840 et
431 2796 562 2840 sustentans
579 2798 707 2853 nutantem,
721 2791 813 2853 Odixi,
826 2791 1033 2854 Tridentrsenpui
1050 2799 1182 2842 correnum
1193 2807 1218 2842 es

115 3017 199 3078 under,
215 3015 282 3078 quod
297 3017 386 3065 Helm.
404 3017 545 3075 arridebat,
561 3015 583 3065 si
600 3015 690 3064 animos
701 3014 917 3076 ingerente-584
934 3015 1021 3076 vege
1033 3015 1101 3063 Edd.
1116 3030 1165 3063 uro.
1180 3030 1216 3064 re·

115 3082 195 3128 onim:
214 3079 303 3128 Heius.
320 3081 392 3128 dedit
404 3083 484 3130 revelli
503 3097 535 3129 ex
548 3080 585 3128 Fl.
596 3081 623 3128 S.
636 3078 730 3138 Marci,
749 3079 781 3126 N.
794 3092 832 3139 pr.
843 3078 913 3125 Med.
931 3079 1058 3140 Bernegg.
1090 3079 1217 3142 Spirensi,

115 3143 217 3204 Arund
231 3153 258 3190 et
270 3143 360 3192 decem
371 3146 517 3194 aliia—586
536 3145 600 3192 Ball.
620 3151 647 3191 et
662 3143 760 3190 Thuau.
772 3142 834 3200 fret.
844 3141 963 3203 pervolui:
979 3141 1098 3190 Menard.
1115 3144 1215 3204 devolvi,

116 3207 186 3269 quod
207 3207 342 3268 tepiditati
362 3210 554 3257 convenientius
576 3210 722 3256 Burmanuo
736 3205 960 3270 meicherne-587
981 3205 1055 3254 Cant.
1076 3207 1216 3269 Contigimus

114 3269 164 3319 did.
194 3271 371 3326 Plurimilibri
383 3273 473 3334 scripti
486 3274 628 3320 Continuam
640 3271 745 3318 deduxit.
773 3271 849 3332 Vrdg.
869 3270 944 3318 etiarn
958 3269 1023 3317 Edd.
1034 3271 1168 3332 pariterque
1179 3285 1215 3319 re·

115 3336 190 3382 cellit.
224 3335 389 3392 Pr.,Bouon.
406 3351 444 3398 pr.
461 3335 572 3396 Argeut.
591 3349 648 3384 eum
668 3333 754 3382 tribus·
766 3333 830 3392 aliis,
847 3340 875 3381 et
893 3334 934 3380 ed.
954 3333 1064 3396 Gryphli
1081 3341 1212 3397 partesque.

115 3398 216 3454 Dninde
228 3399 323 3446 resoluit
336 3399 424 3448 Heius.
444 3401 546 3461 reponit
558 3415 590 3447 ex
606 3405 690 3459 quart.
703 3398 775 3445 Med.
785 3404 820 3448 yet
834 3388 888 3446 llo.
900 3411 947 3458 pro
957 3413 1010 3445 var.
1024 3401 1083 3448 lect.
1101 3400 1127 3447 iu
1139 3401 1212 3448 Cant.

116 3468 142 3510 et
163 3477 203 3524 pr.
223 3462 303 3510 Grau.
315 3464 425 3512 recoluit:
443 3465 515 3512 multi
533 3465 645 3518 revulsit:
662 3463 704 3510 sed
716 3461 796 3509 reuelli
808 3461 863 3524 jam
876 3467 1133 3522 praecesserat—590
1152 3465 1212 3512 Plu-

115 3525 173 3573 rimi
184 3541 236 3573 nrr.
248 3527 312 3574 dixit
319 3543 330 3583 ,·
346 3527 493 3575 Geuevens.
503 3529 659 3585 duritem
677 3525 799 3574 Periturae
818 3525 909 3573 Heius.
928 3524 1000 3573 dedit
1020 3540 1052 3574 ex
1070 3541 1119 3574 nno
1138 3527 1212 3576 Leid.

115 3596 142 3638 et
158 3590 286 3638 Twisdeu.
311 3605 358 3654 pro
377 3593 444 3654 vulg.
468 3591 670 3654 periture-594
687 3590 765 3653 Vulg.
788 3589 993 3652 proximiore:
1015 3590 1128 3638 nonnulli
1148 3597 1211 3640 vett.
1234 3603 1238 3620 ¹

550 3717 551 3720 ’
582 3777 584 3782 ,
607 3703 750 3812 norm.

146 3850 193 3895 oso
213 3847 282 3910 lum]
311 3845 465 3910 Cumlpsius
482 3846 546 3897 iram
564 3846 643 3896 seuti-
682 3847 713 3896 ab
725 3846 822 3895 echinis
834 3845 924 3907 quibus
942 3843 1070 3900 abundare
1081 3844 1210 3908 dicuutur,

115 3929 182 3971 rent.
582 3955 587 3964 .
644 3957 653 3976 .·,
681 3921 722 3970 vel
734 3920 766 3969 ab
781 3920 875 3968 Echino
887 3919 996 3981 quodam
1008 3925 1076 3980 rete,
1087 3926 1115 3967 ut
1130 3922 1209 3970 sensit

92 4023 96 4035 ·
126 4001 193 4046 ⁴588
210 3997 356 4059 Echinades]
388 3997 454 4048 Qum
474 3997 563 4046 inruho
582 4003 642 4047 suut
681 3993 1198 4060 Apollodorur‚noruouilludimpositum.

114 4071 147 4120 ad
165 4070 272 4121 Acheloi
295 4071 396 4133 ortium,
417 4085 451 4119 ex
471 4071 532 4120 limo
554 4071 587 4120 'eb
610 4085 641 4121 oo
713 4076 760 4122 ⁵91
775 4068 929 4132 *inpurum
949 4068 1152 4120 illuminavit·
1218 4106 1220 4112 .

115 4147 221 4199 derecto
232 4147 367 4210 condatem
385 4147 478 4212 quibus
488 4148 590 4212 quidem
600 4145 653 4197 'vel-
