<?xml version="1.0" encoding="UTF-8"?>
<!DOCTYPE html PUBLIC "-//W3C//DTD XHTML 1.0 Transitional//EN"
    "http://www.w3.org/TR/xhtml1/DTD/xhtml1-transitional.dtd">
<html xmlns="http://www.w3.org/1999/xhtml" xml:lang="en" lang="en">
 <head>
  <title>
</title>
<meta http-equiv="Content-Type" content="text/html;charset=utf-8" />
  <meta name='ocr-system' content='tesseract 3.04.00' />
  <meta name='ocr-capabilities' content='ocr_page ocr_carea ocr_par ocr_line ocrx_word'/>
</head>
<body>
  <div class='ocr_page' id='page_1' title='image "./povidiinasoniso07burmgoog_0328.png"; bbox 0 0 2838 4774; ppageno 0'>
   <div class='ocr_carea' id='block_1_1' title="bbox 388 329 1208 406">
    <p class='ocr_par' dir='ltr' id='par_1_1' title="bbox 388 329 1208 406">
     <span class='ocr_line' id='line_1_1' title="bbox 388 329 1208 406; baseline 0.02 -24"><span class='ocrx_word' id='word_1_1' title='bbox 388 334 746 390; x_wconf 75' lang='lat' dir='ltr'>unrauonrrtoenou</span> <span class='ocrx_word' id='word_1_2' title='bbox 771 338 842 390; x_wconf 77' lang='lat' dir='ltr'>ura.</span> <span class='ocrx_word' id='word_1_3' title='bbox 867 340 921 390; x_wconf 86' lang='lat' dir='ltr'>rx.</span> <span class='ocrx_word' id='word_1_4' title='bbox 1121 329 1208 406; x_wconf 68' lang='lat' dir='ltr'>lma</span> 
     </span>
    </p>
   </div>
   <div class='ocr_carea' id='block_1_2' title="bbox 97 476 1203 1985">
    <p class='ocr_par' dir='ltr' id='par_1_2' title="bbox 106 476 1067 571">
     <span class='ocr_line' id='line_1_2' title="bbox 106 476 1067 571; baseline 0.011 -30"><span class='ocrx_word' id='word_1_5' title='bbox 106 477 241 562; x_wconf 83' lang='lat' dir='ltr'><strong>Quippe</strong></span> <span class='ocrx_word' id='word_1_6' title='bbox 254 495 320 542; x_wconf 89' lang='lat' dir='ltr'>nec</span> <span class='ocrx_word' id='word_1_7' title='bbox 333 476 515 562; x_wconf 86' lang='lat' dir='ltr'>illepotest</span> <span class='ocrx_word' id='word_1_8' title='bbox 534 479 588 566; x_wconf 90' lang='lat' dir='ltr'>(ut</span> <span class='ocrx_word' id='word_1_9' title='bbox 596 482 671 567; x_wconf 81' lang='lat' dir='ltr'>jam</span> <span class='ocrx_word' id='word_1_10' title='bbox 683 497 759 552; x_wconf 85' lang='lat' dir='ltr'>mee</span> <span class='ocrx_word' id='word_1_11' title='bbox 776 481 1067 571; x_wconf 71' lang='lat' dir='ltr'>rotezrelinquem)</span> 
     </span>
    </p>

    <p class='ocr_par' dir='ltr' id='par_1_3' title="bbox 103 579 1203 767">
     <span class='ocr_line' id='line_1_3' title="bbox 104 579 1203 666; baseline 0.009 -20"><span class='ocrx_word' id='word_1_12' title='bbox 104 579 185 646; x_wconf 87' lang='lat' dir='ltr'>Non</span> <span class='ocrx_word' id='word_1_13' title='bbox 198 585 309 644; x_wconf 88' lang='lat' dir='ltr'>tamen</span> <span class='ocrx_word' id='word_1_14' title='bbox 324 599 483 646; x_wconf 78' lang='lat' dir='ltr'>ausorum</span> <span class='ocrx_word' id='word_1_15' title='bbox 498 602 625 666; x_wconf 90' lang='lat' dir='ltr'>semper</span> <span class='ocrx_word' id='word_1_16' title='bbox 638 603 765 648; x_wconf 90' lang='lat' dir='ltr'>memor</span> <span class='ocrx_word' id='word_1_17' title='bbox 779 603 1029 652; x_wconf 82' lang='lat' dir='ltr'>cssemeornm.</span> <span class='ocrx_word' id='word_1_18' title='bbox 1137 587 1203 656; x_wconf 61' lang='lat'>62)</span> 
     </span>
     <span class='ocr_line' id='line_1_4' title="bbox 103 682 897 767; baseline 0.008 -21"><span class='ocrx_word' id='word_1_19' title='bbox 103 682 156 760; x_wconf 86' lang='lat' dir='ltr'>Et,</span> <span class='ocrx_word' id='word_1_20' title='bbox 171 683 253 767; x_wconf 83' lang='lat' dir='ltr'>quia</span> <span class='ocrx_word' id='word_1_21' title='bbox 267 683 433 762; x_wconf 75' lang='lat' dir='ltr'>desierim,</span> <span class='ocrx_word' id='word_1_22' title='bbox 448 684 563 750; x_wconf 84' lang='lat' dir='ltr'>leviter</span> <span class='ocrx_word' id='word_1_23' title='bbox 575 686 724 750; x_wconf 85' lang='lat' dir='ltr'>voluisse</span> <span class='ocrx_word' id='word_1_24' title='bbox 736 687 897 764; x_wconf 81' lang='lat' dir='ltr'>videbor:</span> 
     </span>
    </p>

    <p class='ocr_par' dir='ltr' id='par_1_4' title="bbox 102 784 925 871">
     <span class='ocr_line' id='line_1_5' title="bbox 102 784 925 871; baseline 0.01 -24"><span class='ocrx_word' id='word_1_25' title='bbox 102 784 171 862; x_wconf 87' lang='lat' dir='ltr'>Aut</span> <span class='ocrx_word' id='word_1_26' title='bbox 183 786 284 850; x_wconf 84' lang='lat' dir='ltr'>etiem</span> <span class='ocrx_word' id='word_1_27' title='bbox 299 791 443 850; x_wconf 80' lang='lat' dir='ltr'><strong>tentasse</strong></span> <span class='ocrx_word' id='word_1_28' title='bbox 458 786 561 863; x_wconf 91' lang='lat' dir='ltr'>illum,</span> <span class='ocrx_word' id='word_1_29' title='bbox 576 787 774 870; x_wconf 84' lang='lat' dir='ltr'>insidiisque</span> <span class='ocrx_word' id='word_1_30' title='bbox 786 790 925 871; x_wconf 84' lang='lat' dir='ltr'>petisse.</span> 
     </span>
    </p>

    <p class='ocr_par' dir='ltr' id='par_1_5' title="bbox 103 885 930 970">
     <span class='ocr_line' id='line_1_6' title="bbox 103 885 930 970; baseline 0.006 -20"><span class='ocrx_word' id='word_1_31' title='bbox 103 885 166 950; x_wconf 92' lang='lat' dir='ltr'>Vel</span> <span class='ocrx_word' id='word_1_32' title='bbox 182 892 274 950; x_wconf 87' lang='lat' dir='ltr'>cerie</span> <span class='ocrx_word' id='word_1_33' title='bbox 288 886 444 966; x_wconf 78' lang='lat' dir='ltr'>neubon,</span> <span class='ocrx_word' id='word_1_34' title='bbox 460 888 519 970; x_wconf 90' lang='lat' dir='ltr'>qui</span> <span class='ocrx_word' id='word_1_35' title='bbox 533 888 695 970; x_wconf 88' lang='lat' dir='ltr'>plurimus</span> <span class='ocrx_word' id='word_1_36' title='bbox 709 891 781 966; x_wconf 88' lang='lat' dir='ltr'>urit,</span> <span class='ocrx_word' id='word_1_37' title='bbox 799 894 832 953; x_wconf 90' lang='lat' dir='ltr'>et</span> <span class='ocrx_word' id='word_1_38' title='bbox 846 891 930 955; x_wconf 89' lang='lat' dir='ltr'>ussit</span> 
     </span>
    </p>

    <p class='ocr_par' dir='ltr' id='par_1_6' title="bbox 101 988 963 1066">
     <span class='ocr_line' id='line_1_7' title="bbox 101 988 963 1066; baseline 0.001 -15"><span class='ocrx_word' id='word_1_39' title='bbox 101 988 248 1053; x_wconf 80' lang='lat' dir='ltr'><strong>Pectora</strong></span> <span class='ocrx_word' id='word_1_40' title='bbox 260 993 386 1065; x_wconf 84' lang='lat' dir='ltr'>nostre,</span> <span class='ocrx_word' id='word_1_41' title='bbox 403 989 490 1066; x_wconf 91' lang='lat' dir='ltr'>Deo,</span> <span class='ocrx_word' id='word_1_42' title='bbox 506 989 566 1052; x_wconf 89' lang='lat' dir='ltr'>sed</span> <span class='ocrx_word' id='word_1_43' title='bbox 582 989 672 1054; x_wconf 82' lang='lat' dir='ltr'>victa</span> <span class='ocrx_word' id='word_1_44' title='bbox 684 989 822 1054; x_wconf 86' lang='lat' dir='ltr'>libidine</span> <span class='ocrx_word' id='word_1_45' title='bbox 837 991 963 1054; x_wconf 81' lang='lat' dir='ltr'>credar.</span> 
     </span>
    </p>

    <p class='ocr_par' dir='ltr' id='par_1_7' title="bbox 101 1089 1202 1275">
     <span class='ocr_line' id='line_1_8' title="bbox 101 1089 1202 1174; baseline 0.007 -22"><span class='ocrx_word' id='word_1_46' title='bbox 101 1089 255 1174; x_wconf 87' lang='lat' dir='ltr'>Denique</span> <span class='ocrx_word' id='word_1_47' title='bbox 265 1090 339 1173; x_wconf 86' lang='lat' dir='ltr'>jam</span> <span class='ocrx_word' id='word_1_48' title='bbox 353 1108 480 1172; x_wconf 81' lang='lat' dir='ltr'><strong>nequeo</strong></span> <span class='ocrx_word' id='word_1_49' title='bbox 495 1089 540 1158; x_wconf 85' lang='lat' dir='ltr'>nil</span> <span class='ocrx_word' id='word_1_50' title='bbox 556 1090 764 1154; x_wconf 81' lang='lat' dir='ltr'>commisisse</span> <span class='ocrx_word' id='word_1_51' title='bbox 778 1091 967 1157; x_wconf 83' lang='lat' dir='ltr'>nefandum.</span> <span class='ocrx_word' id='word_1_52' title='bbox 1136 1094 1202 1165; x_wconf 72' lang='lat'>625</span> 
     </span>
     <span class='ocr_line' id='line_1_9' title="bbox 101 1190 1026 1275; baseline 0.006 -22"><span class='ocrx_word' id='word_1_53' title='bbox 101 1190 145 1254; x_wconf 90' lang='lat' dir='ltr'>Et</span> <span class='ocrx_word' id='word_1_54' title='bbox 159 1192 291 1274; x_wconf 86' lang='lat' dir='ltr'>scripsi,</span> <span class='ocrx_word' id='word_1_55' title='bbox 310 1197 344 1256; x_wconf 90' lang='lat' dir='ltr'>et</span> <span class='ocrx_word' id='word_1_56' title='bbox 358 1191 461 1274; x_wconf 90' lang='lat' dir='ltr'>petii:</span> <span class='ocrx_word' id='word_1_57' title='bbox 485 1195 644 1256; x_wconf 78' lang='lat' dir='ltr'>temerate</span> <span class='ocrx_word' id='word_1_58' title='bbox 658 1199 710 1256; x_wconf 87' lang='lat' dir='ltr'>est</span> <span class='ocrx_word' id='word_1_59' title='bbox 723 1199 836 1258; x_wconf 84' lang='lat' dir='ltr'>nostru</span> <span class='ocrx_word' id='word_1_60' title='bbox 850 1195 1026 1275; x_wconf 80' lang='lat' dir='ltr'>voluntas3</span> 
     </span>
    </p>

    <p class='ocr_par' dir='ltr' id='par_1_8' title="bbox 101 1289 906 1377">
     <span class='ocr_line' id='line_1_10' title="bbox 101 1289 906 1377; baseline 0.005 -25"><span class='ocrx_word' id='word_1_61' title='bbox 101 1289 147 1356; x_wconf 90' lang='lat' dir='ltr'>Ut</span> <span class='ocrx_word' id='word_1_62' title='bbox 161 1291 250 1358; x_wconf 91' lang='lat' dir='ltr'>nihil</span> <span class='ocrx_word' id='word_1_63' title='bbox 259 1292 430 1376; x_wconf 80' lang='lat' dir='ltr'>adjiciam,</span> <span class='ocrx_word' id='word_1_64' title='bbox 445 1313 509 1356; x_wconf 92' lang='lat' dir='ltr'>non</span> <span class='ocrx_word' id='word_1_65' title='bbox 523 1313 663 1377; x_wconf 87' lang='lat' dir='ltr'>possum</span> <span class='ocrx_word' id='word_1_66' title='bbox 677 1295 815 1359; x_wconf 82' lang='lat' dir='ltr'>innoxie</span> <span class='ocrx_word' id='word_1_67' title='bbox 828 1294 906 1359; x_wconf 88' lang='lat' dir='ltr'>dici.</span> 
     </span>
    </p>

    <p class='ocr_par' dir='ltr' id='par_1_9' title="bbox 100 1389 1136 1582">
     <span class='ocr_line' id='line_1_11' title="bbox 100 1389 1136 1482; baseline 0.011 -26"><span class='ocrx_word' id='word_1_68' title='bbox 100 1389 201 1470; x_wconf 84' lang='lat' dir='ltr'>Quod</span> <span class='ocrx_word' id='word_1_69' title='bbox 210 1400 366 1477; x_wconf 85' lang='lat' dir='ltr'>superest</span> <span class='ocrx_word' id='word_1_70' title='bbox 376 1396 391 1456; x_wconf 85' lang='lat' dir='ltr'>l</span> <span class='ocrx_word' id='word_1_71' title='bbox 401 1429 404 1436; x_wconf 92' lang='lat'><em>·</em></span> <span class='ocrx_word' id='word_1_72' title='bbox 416 1396 553 1463; x_wconf 88' lang='lat' dir='ltr'>multum</span> <span class='ocrx_word' id='word_1_73' title='bbox 568 1402 619 1460; x_wconf 88' lang='lat' dir='ltr'>est</span> <span class='ocrx_word' id='word_1_74' title='bbox 632 1398 668 1466; x_wconf 90' lang='lat' dir='ltr'>in</span> <span class='ocrx_word' id='word_1_75' title='bbox 679 1403 768 1472; x_wconf 88' lang='lat' dir='ltr'>vote,</span> <span class='ocrx_word' id='word_1_76' title='bbox 783 1398 819 1460; x_wconf 93' lang='lat' dir='ltr'>in</span> <span class='ocrx_word' id='word_1_77' title='bbox 833 1397 972 1464; x_wconf 86' lang='lat' dir='ltr'>crimina</span> <span class='ocrx_word' id='word_1_78' title='bbox 985 1417 1136 1482; x_wconf 83' lang='lat' dir='ltr'>parvum.</span> 
     </span>
     <span class='ocr_line' id='line_1_12' title="bbox 100 1493 948 1582; baseline 0.007 -26"><span class='ocrx_word' id='word_1_79' title='bbox 100 1493 218 1558; x_wconf 87' lang='lat' dir='ltr'>Dixit:</span> <span class='ocrx_word' id='word_1_80' title='bbox 241 1501 276 1558; x_wconf 92' lang='lat' dir='ltr'>et</span> <span class='ocrx_word' id='word_1_81' title='bbox 297 1493 446 1580; x_wconf 76' lang='lat' dir='ltr'>(incertae</span> <span class='ocrx_word' id='word_1_82' title='bbox 461 1501 552 1561; x_wconf 85' lang='lat' dir='ltr'>tenta</span> <span class='ocrx_word' id='word_1_83' title='bbox 566 1503 617 1561; x_wconf 89' lang='lat' dir='ltr'>est</span> <span class='ocrx_word' id='word_1_84' title='bbox 631 1496 799 1562; x_wconf 87' lang='lat' dir='ltr'>discordie</span> <span class='ocrx_word' id='word_1_85' title='bbox 812 1496 948 1582; x_wconf 86' lang='lat' dir='ltr'>mentis)</span> 
     </span>
    </p>

    <p class='ocr_par' dir='ltr' id='par_1_10' title="bbox 97 1593 1199 1782">
     <span class='ocr_line' id='line_1_13' title="bbox 99 1593 1199 1682; baseline 0.014 -26"><span class='ocrx_word' id='word_1_86' title='bbox 99 1593 181 1659; x_wconf 89' lang='lat' dir='ltr'>Cum</span> <span class='ocrx_word' id='word_1_87' title='bbox 195 1596 309 1681; x_wconf 83' lang='lat' dir='ltr'>pigeat</span> <span class='ocrx_word' id='word_1_88' title='bbox 324 1602 481 1676; x_wconf 77' lang='lat' dir='ltr'>tentasse,</span> <span class='ocrx_word' id='word_1_89' title='bbox 494 1598 575 1672; x_wconf 87' lang='lat' dir='ltr'>libet</span> <span class='ocrx_word' id='word_1_90' title='bbox 587 1603 733 1663; x_wconf 85' lang='lat' dir='ltr'>tentare:</span> <span class='ocrx_word' id='word_1_91' title='bbox 755 1599 955 1682; x_wconf 88' lang='lat' dir='ltr'>modumque</span> <span class='ocrx_word' id='word_1_92' title='bbox 1133 1604 1199 1671; x_wconf 80' lang='lat'>630</span> 
     </span>
     <span class='ocr_line' id='line_1_14' title="bbox 97 1687 821 1782; baseline 0.007 -23"><span class='ocrx_word' id='word_1_93' title='bbox 97 1696 199 1778; x_wconf 82' lang='lat' dir='ltr'>Exit3</span> <span class='ocrx_word' id='word_1_94' title='bbox 222 1703 256 1762; x_wconf 91' lang='lat' dir='ltr'>et</span> <span class='ocrx_word' id='word_1_95' title='bbox 267 1687 384 1762; x_wconf 82' lang='lat' dir='ltr'>infelix</span> <span class='ocrx_word' id='word_1_96' title='bbox 398 1697 574 1762; x_wconf 86' lang='lat' dir='ltr'>committit</span> <span class='ocrx_word' id='word_1_97' title='bbox 584 1717 678 1780; x_wconf 86' lang='lat' dir='ltr'>seepe</span> <span class='ocrx_word' id='word_1_98' title='bbox 691 1699 821 1782; x_wconf 86' lang='lat' dir='ltr'>repelli.</span> 
     </span>
    </p>

    <p class='ocr_par' dir='ltr' id='par_1_11' title="bbox 97 1796 1014 1888">
     <span class='ocr_line' id='line_1_15' title="bbox 97 1796 1014 1888; baseline 0.011 -28"><span class='ocrx_word' id='word_1_99' title='bbox 97 1796 185 1862; x_wconf 84' lang='lat' dir='ltr'>Mox</span> <span class='ocrx_word' id='word_1_100' title='bbox 199 1800 259 1863; x_wconf 93' lang='lat' dir='ltr'>ubi</span> <span class='ocrx_word' id='word_1_101' title='bbox 273 1799 347 1863; x_wconf 90' lang='lat' dir='ltr'>finis</span> <span class='ocrx_word' id='word_1_102' title='bbox 362 1801 477 1878; x_wconf 77' lang='lat' dir='ltr'>abest3</span> <span class='ocrx_word' id='word_1_103' title='bbox 498 1799 643 1882; x_wconf 81' lang='lat' dir='ltr'>petriam</span> <span class='ocrx_word' id='word_1_104' title='bbox 656 1799 741 1880; x_wconf 83' lang='lat' dir='ltr'>fugit</span> <span class='ocrx_word' id='word_1_105' title='bbox 753 1801 819 1879; x_wconf 91' lang='lat' dir='ltr'>ille,</span> <span class='ocrx_word' id='word_1_106' title='bbox 833 1801 1014 1888; x_wconf 79' lang='lat' dir='ltr'>nefasque:</span> 
     </span>
    </p>

    <p class='ocr_par' dir='ltr' id='par_1_12' title="bbox 98 1899 842 1985">
     <span class='ocr_line' id='line_1_16' title="bbox 98 1899 842 1985; baseline 0.003 -23"><span class='ocrx_word' id='word_1_107' title='bbox 98 1899 202 1983; x_wconf 88' lang='lat' dir='ltr'>Inque</span> <span class='ocrx_word' id='word_1_108' title='bbox 213 1901 385 1984; x_wconf 81' lang='lat' dir='ltr'>peregrine</span> <span class='ocrx_word' id='word_1_109' title='bbox 397 1901 595 1985; x_wconf 86' lang='lat' dir='ltr'>ponitnove</span> <span class='ocrx_word' id='word_1_110' title='bbox 607 1903 733 1965; x_wconf 85' lang='lat' dir='ltr'>moenie</span> <span class='ocrx_word' id='word_1_111' title='bbox 747 1910 842 1966; x_wconf 84' lang='lat' dir='ltr'>terre.</span> 
     </span>
    </p>
   </div>
   <div class='ocr_carea' id='block_1_3' title="bbox 88 2090 1215 2668">
    <p class='ocr_par' dir='ltr' id='par_1_13' title="bbox 88 2090 1215 2668">
     <span class='ocr_line' id='line_1_17' title="bbox 96 2090 1198 2162; baseline 0.007 -22"><span class='ocrx_word' id='word_1_112' title='bbox 96 2090 191 2140; x_wconf 70' lang='lat' dir='ltr'>cauetur·</span> <span class='ocrx_word' id='word_1_113' title='bbox 201 2106 262 2140; x_wconf 84' lang='lat' dir='ltr'>nunc</span> <span class='ocrx_word' id='word_1_114' title='bbox 272 2106 324 2140; x_wconf 85' lang='lat' dir='ltr'>mea</span> <span class='ocrx_word' id='word_1_115' title='bbox 334 2093 451 2141; x_wconf 77' lang='lat' dir='ltr'>desideria</span> <span class='ocrx_word' id='word_1_116' title='bbox 462 2095 578 2150; x_wconf 83' lang='lat' dir='ltr'>amittam,</span> <span class='ocrx_word' id='word_1_117' title='bbox 596 2108 667 2156; x_wconf 83' lang='lat' dir='ltr'>neque</span> <span class='ocrx_word' id='word_1_118' title='bbox 684 2093 724 2142; x_wconf 78' lang='lat' dir='ltr'>itte</span> <span class='ocrx_word' id='word_1_119' title='bbox 731 2097 809 2156; x_wconf 72' lang='lat' dir='ltr'>potest</span> <span class='ocrx_word' id='word_1_120' title='bbox 820 2097 898 2142; x_wconf 85' lang='lat' dir='ltr'>tumen</span> <span class='ocrx_word' id='word_1_121' title='bbox 908 2108 954 2142; x_wconf 80' lang='lat' dir='ltr'>non</span> <span class='ocrx_word' id='word_1_122' title='bbox 964 2097 1085 2146; x_wconf 83' lang='lat' dir='ltr'>recordari</span> <span class='ocrx_word' id='word_1_123' title='bbox 1094 2097 1198 2162; x_wconf 77' lang='lat' dir='ltr'>incepto·</span> 
     </span>
     <span class='ocr_line' id='line_1_18' title="bbox 94 2157 1198 2223; baseline 0.009 -20"><span class='ocrx_word' id='word_1_124' title='bbox 94 2169 147 2204; x_wconf 78' lang='lat' dir='ltr'>rum</span> <span class='ocrx_word' id='word_1_125' title='bbox 157 2169 261 2204; x_wconf 80' lang='lat' dir='ltr'>mearum</span> <span class='ocrx_word' id='word_1_126' title='bbox 270 2172 281 2213; x_wconf 90' lang='lat'>‚·</span> <span class='ocrx_word' id='word_1_127' title='bbox 296 2161 321 2204; x_wconf 84' lang='lat' dir='ltr'>et</span> <span class='ocrx_word' id='word_1_128' title='bbox 330 2157 385 2220; x_wconf 86' lang='lat' dir='ltr'>quin</span> <span class='ocrx_word' id='word_1_129' title='bbox 395 2157 521 2214; x_wconf 73' lang='lat' dir='ltr'>omiserim,</span> <span class='ocrx_word' id='word_1_130' title='bbox 531 2157 626 2207; x_wconf 74' lang='lat' dir='ltr'>videbor</span> <span class='ocrx_word' id='word_1_131' title='bbox 635 2171 720 2220; x_wconf 77' lang='lat' dir='ltr'>porum</span> <span class='ocrx_word' id='word_1_132' title='bbox 730 2163 829 2220; x_wconf 72' lang='lat' dir='ltr'>optasse,</span> <span class='ocrx_word' id='word_1_133' title='bbox 840 2159 876 2206; x_wconf 83' lang='lat' dir='ltr'>oei</span> <span class='ocrx_word' id='word_1_134' title='bbox 886 2158 957 2208; x_wconf 84' lang='lat' dir='ltr'>etiem</span> <span class='ocrx_word' id='word_1_135' title='bbox 967 2159 1034 2208; x_wconf 63' lang='lat' dir='ltr'>mem</span> <span class='ocrx_word' id='word_1_136' title='bbox 1043 2166 1155 2223; x_wconf 75' lang='lat' dir='ltr'>tentarer,</span> <span class='ocrx_word' id='word_1_137' title='bbox 1173 2169 1198 2212; x_wconf 84' lang='lat' dir='ltr'>et</span> 
     </span>
     <span class='ocr_line' id='line_1_19' title="bbox 88 2219 1197 2285; baseline 0.008 -18"><span class='ocrx_word' id='word_1_138' title='bbox 88 2219 221 2278; x_wconf 72' lang='lat' dir='ltr'>fraudibus</span> <span class='ocrx_word' id='word_1_139' title='bbox 231 2222 338 2269; x_wconf 73' lang='lat' dir='ltr'>oderim</span> <span class='ocrx_word' id='word_1_140' title='bbox 349 2233 413 2270; x_wconf 79' lang='lat' dir='ltr'>erre:</span> <span class='ocrx_word' id='word_1_141' title='bbox 431 2223 466 2269; x_wconf 82' lang='lat' dir='ltr'>eei</span> <span class='ocrx_word' id='word_1_142' title='bbox 475 2227 538 2273; x_wconf 86' lang='lat' dir='ltr'>certe</span> <span class='ocrx_word' id='word_1_143' title='bbox 556 2237 602 2270; x_wconf 82' lang='lat' dir='ltr'>nou</span> <span class='ocrx_word' id='word_1_144' title='bbox 612 2224 694 2270; x_wconf 84' lang='lat' dir='ltr'>credar</span> <span class='ocrx_word' id='word_1_145' title='bbox 711 2227 822 2284; x_wconf 75' lang='lat' dir='ltr'>superata</span> <span class='ocrx_word' id='word_1_146' title='bbox 832 2221 875 2269; x_wconf 84' lang='lat' dir='ltr'>troc</span> <span class='ocrx_word' id='word_1_147' title='bbox 885 2223 947 2283; x_wconf 89' lang='lat' dir='ltr'>Deo,</span> <span class='ocrx_word' id='word_1_148' title='bbox 966 2224 1005 2285; x_wconf 84' lang='lat' dir='ltr'>qui</span> <span class='ocrx_word' id='word_1_149' title='bbox 1016 2224 1197 2276; x_wconf 75' lang='lat' dir='ltr'>ciobntiretmur</span> 
     </span>
     <span class='ocr_line' id='line_1_20' title="bbox 94 2285 1198 2350; baseline 0.007 -19"><span class='ocrx_word' id='word_1_150' title='bbox 94 2285 184 2332; x_wconf 76' lang='lat' dir='ltr'>torruit</span> <span class='ocrx_word' id='word_1_151' title='bbox 194 2289 219 2332; x_wconf 84' lang='lat' dir='ltr'>et</span> <span class='ocrx_word' id='word_1_152' title='bbox 234 2289 318 2346; x_wconf 79' lang='lat' dir='ltr'>torret,</span> <span class='ocrx_word' id='word_1_153' title='bbox 330 2299 410 2333; x_wconf 80' lang='lat' dir='ltr'>verum</span> <span class='ocrx_word' id='word_1_154' title='bbox 421 2285 527 2334; x_wconf 78' lang='lat' dir='ltr'>libidine.</span> <span class='ocrx_word' id='word_1_155' title='bbox 562 2287 673 2348; x_wconf 76' lang='lat' dir='ltr'>Denique</span> <span class='ocrx_word' id='word_1_156' title='bbox 682 2301 742 2334; x_wconf 81' lang='lat' dir='ltr'>nene</span> <span class='ocrx_word' id='word_1_157' title='bbox 752 2301 798 2334; x_wconf 81' lang='lat' dir='ltr'>non</span> <span class='ocrx_word' id='word_1_158' title='bbox 814 2300 907 2348; x_wconf 75' lang='lat' dir='ltr'>poenum</span> <span class='ocrx_word' id='word_1_159' title='bbox 917 2286 977 2334; x_wconf 80' lang='lat' dir='ltr'>nibil</span> <span class='ocrx_word' id='word_1_160' title='bbox 993 2292 1099 2349; x_wconf 70' lang='lat' dir='ltr'>parrana</span> <span class='ocrx_word' id='word_1_161' title='bbox 1115 2289 1198 2350; x_wconf 80' lang='lat' dir='ltr'>nesan-</span> 
     </span>
     <span class='ocr_line' id='line_1_21' title="bbox 93 2348 1194 2418; baseline 0.006 -22"><span class='ocrx_word' id='word_1_162' title='bbox 93 2351 157 2396; x_wconf 79' lang='lat' dir='ltr'>dum.</span> <span class='ocrx_word' id='word_1_163' title='bbox 192 2348 227 2396; x_wconf 83' lang='lat' dir='ltr'>Et</span> <span class='ocrx_word' id='word_1_164' title='bbox 238 2348 330 2410; x_wconf 75' lang='lat' dir='ltr'>scripsi,</span> <span class='ocrx_word' id='word_1_165' title='bbox 347 2354 370 2397; x_wconf 86' lang='lat' dir='ltr'>et</span> <span class='ocrx_word' id='word_1_166' title='bbox 378 2349 487 2412; x_wconf 74' lang='lat' dir='ltr'>poposci:</span> <span class='ocrx_word' id='word_1_167' title='bbox 503 2353 582 2398; x_wconf 79' lang='lat' dir='ltr'>vorum</span> <span class='ocrx_word' id='word_1_168' title='bbox 599 2355 706 2398; x_wconf 81' lang='lat' dir='ltr'>nostrum</span> <span class='ocrx_word' id='word_1_169' title='bbox 724 2355 760 2398; x_wconf 83' lang='lat' dir='ltr'>est</span> <span class='ocrx_word' id='word_1_170' title='bbox 771 2349 896 2407; x_wconf 65' lang='lat' dir='ltr'>eminerem</span> <span class='ocrx_word' id='word_1_171' title='bbox 916 2352 1089 2412; x_wconf 75' lang='lat' dir='ltr'>quamvisnibil</span> <span class='ocrx_word' id='word_1_172' title='bbox 1099 2355 1194 2418; x_wconf 83' lang='lat' dir='ltr'>eddam,</span> 
     </span>
     <span class='ocr_line' id='line_1_22' title="bbox 94 2413 1215 2477; baseline 0.006 -17"><span class='ocrx_word' id='word_1_173' title='bbox 94 2427 140 2460; x_wconf 85' lang='lat' dir='ltr'>non</span> <span class='ocrx_word' id='word_1_174' title='bbox 149 2426 246 2474; x_wconf 72' lang='lat' dir='ltr'>pomum</span> <span class='ocrx_word' id='word_1_175' title='bbox 263 2413 311 2460; x_wconf 88' lang='lat' dir='ltr'>dici</span> <span class='ocrx_word' id='word_1_176' title='bbox 322 2413 437 2462; x_wconf 84' lang='lat' dir='ltr'>inuocem.</span> <span class='ocrx_word' id='word_1_177' title='bbox 471 2414 540 2468; x_wconf 81' lang='lat' dir='ltr'>Quod</span> <span class='ocrx_word' id='word_1_178' title='bbox 550 2418 633 2474; x_wconf 78' lang='lat' dir='ltr'>restat,</span> <span class='ocrx_word' id='word_1_179' title='bbox 644 2415 742 2461; x_wconf 75' lang='lat' dir='ltr'>nucitum</span> <span class='ocrx_word' id='word_1_180' title='bbox 752 2417 788 2461; x_wconf 79' lang='lat' dir='ltr'>eet</span> <span class='ocrx_word' id='word_1_181' title='bbox 799 2415 824 2463; x_wconf 82' lang='lat' dir='ltr'>tn</span> <span class='ocrx_word' id='word_1_182' title='bbox 843 2414 968 2475; x_wconf 75' lang='lat' dir='ltr'>desideria,</span> <span class='ocrx_word' id='word_1_183' title='bbox 986 2415 1097 2477; x_wconf 72' lang='lat' dir='ltr'>exigm</span> <span class='ocrx_word' id='word_1_184' title='bbox 1114 2418 1139 2466; x_wconf 84' lang='lat' dir='ltr'>iu</span> <span class='ocrx_word' id='word_1_185' title='bbox 1149 2419 1197 2466; x_wconf 86' lang='lat' dir='ltr'>cri·</span> <span class='ocrx_word' id='word_1_186' title='bbox 1211 2426 1215 2434; x_wconf 92' lang='lat'>&#39;</span> 
     </span>
     <span class='ocr_line' id='line_1_23' title="bbox 96 2476 1194 2544; baseline 0.006 -20"><span class='ocrx_word' id='word_1_187' title='bbox 96 2477 167 2524; x_wconf 74' lang='lat' dir='ltr'>nina</span> <span class='ocrx_word' id='word_1_188' title='bbox 200 2476 320 2524; x_wconf 71' lang='lat' dir='ltr'>Absolvit:</span> <span class='ocrx_word' id='word_1_189' title='bbox 336 2482 369 2538; x_wconf 84' lang='lat' dir='ltr'>et,</span> <span class='ocrx_word' id='word_1_190' title='bbox 380 2482 448 2525; x_wconf 84' lang='lat' dir='ltr'>tanta</span> <span class='ocrx_word' id='word_1_191' title='bbox 458 2476 628 2540; x_wconf 77' lang='lat' dir='ltr'>eetfluctuatio</span> <span class='ocrx_word' id='word_1_192' title='bbox 639 2479 724 2526; x_wconf 73' lang='lat' dir='ltr'>mentia</span> <span class='ocrx_word' id='word_1_193' title='bbox 732 2477 817 2538; x_wconf 63' lang='lat' dir='ltr'>wite,</span> <span class='ocrx_word' id='word_1_194' title='bbox 828 2491 880 2526; x_wconf 79' lang='lat' dir='ltr'>cent</span> <span class='ocrx_word' id='word_1_195' title='bbox 889 2479 1002 2541; x_wconf 74' lang='lat' dir='ltr'>peniteat</span> <span class='ocrx_word' id='word_1_196' title='bbox 1018 2484 1129 2544; x_wconf 74' lang='lat' dir='ltr'>tentasse,</span> <span class='ocrx_word' id='word_1_197' title='bbox 1138 2481 1194 2532; x_wconf 82' lang='lat' dir='ltr'>tibet</span> 
     </span>
     <span class='ocr_line' id='line_1_24' title="bbox 93 2538 1196 2610; baseline 0.008 -23"><span class='ocrx_word' id='word_1_198' title='bbox 93 2544 202 2596; x_wconf 83' lang='lat' dir='ltr'>tentare,·</span> <span class='ocrx_word' id='word_1_199' title='bbox 212 2545 244 2604; x_wconf 36' lang='lat' dir='ltr'>&#39;et</span> <span class='ocrx_word' id='word_1_200' title='bbox 255 2543 346 2588; x_wconf 81' lang='lat' dir='ltr'>madum</span> <span class='ocrx_word' id='word_1_201' title='bbox 357 2542 539 2602; x_wconf 75' lang='lat' dir='ltr'>tranrgreditur,</span> <span class='ocrx_word' id='word_1_202' title='bbox 555 2545 579 2589; x_wconf 86' lang='lat' dir='ltr'>et</span> <span class='ocrx_word' id='word_1_203' title='bbox 589 2543 674 2591; x_wconf 79' lang='lat' dir='ltr'>mirera</span> <span class='ocrx_word' id='word_1_204' title='bbox 691 2538 888 2604; x_wconf 75' lang='lat' dir='ltr'>committtttoepe</span> <span class='ocrx_word' id='word_1_205' title='bbox 905 2541 980 2604; x_wconf 69' lang='lat' dir='ltr'>retici.</span> <span class='ocrx_word' id='word_1_206' title='bbox 1014 2544 1079 2593; x_wconf 84' lang='lat' dir='ltr'>Dein</span> <span class='ocrx_word' id='word_1_207' title='bbox 1090 2546 1196 2610; x_wconf 77' lang='lat' dir='ltr'>uiifinie</span> 
     </span>
     <span class='ocr_line' id='line_1_25' title="bbox 94 2603 1196 2668; baseline 0.006 -16"><span class='ocrx_word' id='word_1_208' title='bbox 94 2606 172 2654; x_wconf 72' lang='lat' dir='ltr'>nudae</span> <span class='ocrx_word' id='word_1_209' title='bbox 182 2608 226 2661; x_wconf 75' lang='lat' dir='ltr'>eet,</span> <span class='ocrx_word' id='word_1_210' title='bbox 246 2604 286 2653; x_wconf 85' lang='lat' dir='ltr'>itte</span> <span class='ocrx_word' id='word_1_211' title='bbox 297 2603 368 2666; x_wconf 77' lang='lat' dir='ltr'>sugit</span> <span class='ocrx_word' id='word_1_212' title='bbox 381 2606 485 2668; x_wconf 81' lang='lat' dir='ltr'>petriam</span> <span class='ocrx_word' id='word_1_213' title='bbox 496 2611 520 2655; x_wconf 85' lang='lat' dir='ltr'>et</span> <span class='ocrx_word' id='word_1_214' title='bbox 529 2605 604 2667; x_wconf 75' lang='lat' dir='ltr'>nesae,</span> <span class='ocrx_word' id='word_1_215' title='bbox 622 2611 646 2654; x_wconf 83' lang='lat' dir='ltr'>et</span> <span class='ocrx_word' id='word_1_216' title='bbox 663 2607 749 2665; x_wconf 49' lang='lat' dir='ltr'>anteit</span> <span class='ocrx_word' id='word_1_217' title='bbox 766 2621 849 2656; x_wconf 85' lang='lat' dir='ltr'>nocam</span> <span class='ocrx_word' id='word_1_218' title='bbox 868 2606 946 2656; x_wconf 77' lang='lat' dir='ltr'>arbem</span> <span class='ocrx_word' id='word_1_219' title='bbox 962 2607 1064 2657; x_wconf 66' lang='lat' dir='ltr'>interna</span> <span class='ocrx_word' id='word_1_220' title='bbox 1074 2615 1196 2661; x_wconf 72' lang='lat' dir='ltr'>tabente.</span> 
     </span>
    </p>
   </div>
   <div class='ocr_carea' id='block_1_4' title="bbox 560 2735 736 2756">
    <p class='ocr_par' dir='ltr' id='par_1_14' title="bbox 560 2735 736 2756">
     <span class='ocr_line' id='line_1_26' title="bbox 560 2735 736 2756; baseline 0 -2"><span class='ocrx_word' id='word_1_221' title='bbox 560 2735 736 2756; x_wconf 61' lang='lat' dir='ltr'>mm</span> 
     </span>
    </p>
   </div>
   <div class='ocr_carea' id='block_1_5' title="bbox 94 2821 1196 2888">
    <p class='ocr_par' dir='ltr' id='par_1_15' title="bbox 94 2821 1196 2888">
     <span class='ocr_line' id='line_1_27' title="bbox 94 2821 1196 2888; baseline 0.006 -18"><span class='ocrx_word' id='word_1_222' title='bbox 94 2822 199 2886; x_wconf 86' lang='lat' dir='ltr'>plurimi</span> <span class='ocrx_word' id='word_1_223' title='bbox 212 2821 256 2871; x_wconf 83' lang='lat' dir='ltr'>elii</span> <span class='ocrx_word' id='word_1_224' title='bbox 266 2826 558 2886; x_wconf 55' lang='lat' dir='ltr'>ceptumque-619</span> <span class='ocrx_word' id='word_1_225' title='bbox 574 2823 689 2880; x_wconf 81' lang='lat' dir='ltr'>Berolin.</span> <span class='ocrx_word' id='word_1_226' title='bbox 697 2830 745 2874; x_wconf 81' lang='lat' dir='ltr'>cot.</span> <span class='ocrx_word' id='word_1_227' title='bbox 753 2826 959 2888; x_wconf 66' lang='lat' dir='ltr'>relinquet—620</span> <span class='ocrx_word' id='word_1_228' title='bbox 967 2827 1081 2874; x_wconf 89' lang='lat' dir='ltr'>Berolin.</span> <span class='ocrx_word' id='word_1_229' title='bbox 1092 2825 1127 2875; x_wconf 79' lang='lat' dir='ltr'>At</span> <span class='ocrx_word' id='word_1_230' title='bbox 1137 2832 1196 2878; x_wconf 81' lang='lat' dir='ltr'>tarn.</span> 
     </span>
    </p>
   </div>
   <div class='ocr_carea' id='block_1_6' title="bbox 93 2886 1278 2950">
    <p class='ocr_par' dir='ltr' id='par_1_16' title="bbox 93 2886 1278 2950">
     <span class='ocr_line' id='line_1_28' title="bbox 93 2886 1278 2950; baseline 0.004 -15"><span class='ocrx_word' id='word_1_231' title='bbox 93 2891 175 2936; x_wconf 74' lang='grc'><strong>-621</strong></span> <span class='ocrx_word' id='word_1_232' title='bbox 185 2887 299 2935; x_wconf 86' lang='lat' dir='ltr'>Berolin.</span> <span class='ocrx_word' id='word_1_233' title='bbox 310 2886 360 2936; x_wconf 74' lang='lat' dir='ltr'>Aut</span> <span class='ocrx_word' id='word_1_234' title='bbox 371 2889 441 2950; x_wconf 84' lang='lat' dir='ltr'>qnia:</span> <span class='ocrx_word' id='word_1_235' title='bbox 458 2896 487 2936; x_wconf 88' lang='lat' dir='ltr'>et</span> <span class='ocrx_word' id='word_1_236' title='bbox 498 2888 571 2937; x_wconf 85' lang='lat' dir='ltr'>Leid.</span> <span class='ocrx_word' id='word_1_237' title='bbox 583 2897 610 2936; x_wconf 82' lang='lat' dir='ltr'>et</span> <span class='ocrx_word' id='word_1_238' title='bbox 622 2888 849 2938; x_wconf 70' lang='lat' dir='ltr'>uternensem.</span> <span class='ocrx_word' id='word_1_239' title='bbox 868 2891 935 2938; x_wconf 83' lang='lat' dir='ltr'>Dein</span> <span class='ocrx_word' id='word_1_240' title='bbox 946 2905 1010 2938; x_wconf 81' lang='lat' dir='ltr'>unua</span> <span class='ocrx_word' id='word_1_241' title='bbox 1022 2889 1094 2938; x_wconf 88' lang='lat' dir='ltr'>Med.</span> <span class='ocrx_word' id='word_1_242' title='bbox 1106 2892 1149 2939; x_wconf 84' lang='lat' dir='ltr'>tec.</span> <span class='ocrx_word' id='word_1_243' title='bbox 1160 2906 1196 2940; x_wconf 85' lang='lat' dir='ltr'>ee·</span> <span class='ocrx_word' id='word_1_244' title='bbox 1275 2905 1278 2912; x_wconf 79' lang='grc'>’</span> 
     </span>
    </p>
   </div>
   <div class='ocr_carea' id='block_1_7' title="bbox 91 2951 1194 3013">
    <p class='ocr_par' dir='ltr' id='par_1_17' title="bbox 91 2951 1194 3013">
     <span class='ocr_line' id='line_1_29' title="bbox 91 2951 1194 3013; baseline 0.002 -13"><span class='ocrx_word' id='word_1_245' title='bbox 91 2951 156 3013; x_wconf 78' lang='lat' dir='ltr'>pisse</span> <span class='ocrx_word' id='word_1_246' title='bbox 166 2952 294 3000; x_wconf 57' lang='grc' dir='ltr'><strong><em>υἱώ-Μ</em></strong></span> <span class='ocrx_word' id='word_1_247' title='bbox 303 2951 417 3000; x_wconf 85' lang='lat' dir='ltr'>Berolin.</span> <span class='ocrx_word' id='word_1_248' title='bbox 425 2952 498 3001; x_wconf 83' lang='lat' dir='ltr'>etium</span> <span class='ocrx_word' id='word_1_249' title='bbox 508 2953 646 3000; x_wconf 72' lang='lat' dir='ltr'>intentasse.</span> <span class='ocrx_word' id='word_1_250' title='bbox 664 2951 782 3000; x_wconf 86' lang='lat' dir='ltr'>Olimed.</span> <span class='ocrx_word' id='word_1_251' title='bbox 792 2958 860 3013; x_wconf 78' lang='lat' dir='ltr'>urget</span> <span class='ocrx_word' id='word_1_252' title='bbox 871 2958 899 3000; x_wconf 85' lang='lat' dir='ltr'>et</span> <span class='ocrx_word' id='word_1_253' title='bbox 909 2954 966 3001; x_wconf 84' lang='lat' dir='ltr'>urit.</span> <span class='ocrx_word' id='word_1_254' title='bbox 983 2954 1033 3000; x_wconf 85' lang='lat' dir='ltr'>Sed</span> <span class='ocrx_word' id='word_1_255' title='bbox 1044 2954 1093 3001; x_wconf 79' lang='lat' dir='ltr'>crit</span> <span class='ocrx_word' id='word_1_256' title='bbox 1104 2958 1126 3001; x_wconf 81' lang='lat' dir='ltr'>et</span> <span class='ocrx_word' id='word_1_257' title='bbox 1135 2955 1194 3002; x_wconf 80' lang='lat' dir='ltr'>uerit</span> 
     </span>
    </p>
   </div>
   <div class='ocr_carea' id='block_1_8' title="bbox 90 3013 1290 3079">
    <p class='ocr_par' dir='ltr' id='par_1_18' title="bbox 90 3013 1290 3079">
     <span class='ocr_line' id='line_1_30' title="bbox 90 3013 1290 3079; baseline 0.003 -17"><span class='ocrx_word' id='word_1_258' title='bbox 90 3015 150 3077; x_wconf 83' lang='lat' dir='ltr'>jem</span> <span class='ocrx_word' id='word_1_259' title='bbox 166 3013 276 3064; x_wconf 82' lang='lat' dir='ltr'>Ciefeuo</span> <span class='ocrx_word' id='word_1_260' title='bbox 288 3015 433 3078; x_wconf 84' lang='lat' dir='ltr'>placebate</span> <span class='ocrx_word' id='word_1_261' title='bbox 445 3030 491 3064; x_wconf 77' lang='lat' dir='ltr'>nuo</span> <span class='ocrx_word' id='word_1_262' title='bbox 503 3015 566 3064; x_wconf 88' lang='lat' dir='ltr'>Cod.</span> <span class='ocrx_word' id='word_1_263' title='bbox 578 3022 605 3063; x_wconf 87' lang='lat' dir='ltr'>et</span> <span class='ocrx_word' id='word_1_264' title='bbox 618 3015 720 3064; x_wconf 73' lang='lat' dir='ltr'>Celent.</span> <span class='ocrx_word' id='word_1_265' title='bbox 753 3015 826 3064; x_wconf 87' lang='lat' dir='ltr'>Idem</span> <span class='ocrx_word' id='word_1_266' title='bbox 839 3023 930 3078; x_wconf 80' lang='lat' dir='ltr'>postea</span> <span class='ocrx_word' id='word_1_267' title='bbox 941 3017 966 3062; x_wconf 89' lang='lat' dir='ltr'>in</span> <span class='ocrx_word' id='word_1_268' title='bbox 979 3016 1094 3078; x_wconf 76' lang='lat' dir='ltr'>pluribus</span> <span class='ocrx_word' id='word_1_269' title='bbox 1107 3031 1194 3079; x_wconf 90' lang='lat' dir='ltr'>reper·</span> <span class='ocrx_word' id='word_1_270' title='bbox 1284 3047 1290 3054; x_wconf 86' lang='lat'><em>-</em></span> 
     </span>
    </p>
   </div>
   <div class='ocr_carea' id='block_1_9' title="bbox 93 3078 1196 3464">
    <p class='ocr_par' dir='ltr' id='par_1_19' title="bbox 93 3078 1196 3464">
     <span class='ocr_line' id='line_1_31' title="bbox 95 3078 1194 3142; baseline 0.002 -15"><span class='ocrx_word' id='word_1_271' title='bbox 95 3087 150 3128; x_wconf 85' lang='lat' dir='ltr'>tum</span> <span class='ocrx_word' id='word_1_272' title='bbox 162 3085 227 3128; x_wconf 87' lang='lat' dir='ltr'>vett.</span> <span class='ocrx_word' id='word_1_273' title='bbox 239 3079 271 3127; x_wconf 91' lang='lat' dir='ltr'>In</span> <span class='ocrx_word' id='word_1_274' title='bbox 289 3080 323 3128; x_wconf 85' lang='lat' dir='ltr'>V.</span> <span class='ocrx_word' id='word_1_275' title='bbox 334 3085 404 3141; x_wconf 79' lang='lat' dir='ltr'>urget</span> <span class='ocrx_word' id='word_1_276' title='bbox 419 3085 443 3127; x_wconf 88' lang='lat' dir='ltr'>et</span> <span class='ocrx_word' id='word_1_277' title='bbox 458 3079 525 3128; x_wconf 79' lang='lat' dir='ltr'>ursit.</span> <span class='ocrx_word' id='word_1_278' title='bbox 543 3079 633 3127; x_wconf 78' lang='lat' dir='ltr'>Heius.</span> <span class='ocrx_word' id='word_1_279' title='bbox 645 3078 711 3142; x_wconf 86' lang='lat' dir='ltr'>conj.</span> <span class='ocrx_word' id='word_1_280' title='bbox 723 3079 772 3126; x_wconf 81' lang='lat' dir='ltr'>erit</span> <span class='ocrx_word' id='word_1_281' title='bbox 789 3085 813 3127; x_wconf 88' lang='lat' dir='ltr'>et</span> <span class='ocrx_word' id='word_1_282' title='bbox 828 3085 891 3128; x_wconf 85' lang='lat' dir='ltr'>urat.</span> <span class='ocrx_word' id='word_1_283' title='bbox 908 3080 994 3128; x_wconf 87' lang='lat' dir='ltr'>Bnrrn.</span> <span class='ocrx_word' id='word_1_284' title='bbox 1005 3081 1124 3142; x_wconf 74' lang='lat' dir='ltr'>placebat</span> <span class='ocrx_word' id='word_1_285' title='bbox 1135 3093 1194 3130; x_wconf 84' lang='lat' dir='ltr'>cunr</span> 
     </span>
     <span class='ocr_line' id='line_1_32' title="bbox 94 3141 1195 3194; baseline 0.003 -3"><span class='ocrx_word' id='word_1_286' title='bbox 94 3144 178 3192; x_wconf 78' lang='lat' dir='ltr'>tribue</span> <span class='ocrx_word' id='word_1_287' title='bbox 189 3143 250 3192; x_wconf 75' lang='lat' dir='ltr'>uerit</span> <span class='ocrx_word' id='word_1_288' title='bbox 267 3148 291 3191; x_wconf 85' lang='lat' dir='ltr'>et</span> <span class='ocrx_word' id='word_1_289' title='bbox 310 3146 451 3193; x_wconf 74' lang='lat' dir='ltr'>urit-tiit</span> <span class='ocrx_word' id='word_1_290' title='bbox 468 3144 550 3193; x_wconf 85' lang='lat' dir='ltr'>Gran.</span> <span class='ocrx_word' id='word_1_291' title='bbox 569 3149 597 3190; x_wconf 88' lang='lat' dir='ltr'>ct</span> <span class='ocrx_word' id='word_1_292' title='bbox 607 3141 679 3190; x_wconf 83' lang='lat' dir='ltr'>Leid.</span> <span class='ocrx_word' id='word_1_293' title='bbox 691 3142 757 3190; x_wconf 83' lang='lat' dir='ltr'>libid.</span> <span class='ocrx_word' id='word_1_294' title='bbox 769 3144 943 3192; x_wconf 64' lang='lat' dir='ltr'>condem-625</span> <span class='ocrx_word' id='word_1_295' title='bbox 961 3143 1070 3192; x_wconf 80' lang='lat' dir='ltr'>Bolbius</span> <span class='ocrx_word' id='word_1_296' title='bbox 1092 3145 1148 3193; x_wconf 86' lang='lat' dir='ltr'>vult</span> <span class='ocrx_word' id='word_1_297' title='bbox 1158 3145 1195 3194; x_wconf 87' lang='lat' dir='ltr'>nit</span> 
     </span>
     <span class='ocr_line' id='line_1_33' title="bbox 93 3207 1194 3270; baseline 0.003 -16"><span class='ocrx_word' id='word_1_298' title='bbox 93 3208 231 3256; x_wconf 62' lang='lat' dir='ltr'>aduentare.-</span> <span class='ocrx_word' id='word_1_299' title='bbox 258 3214 286 3255; x_wconf 86' lang='lat' dir='ltr'>et</span> <span class='ocrx_word' id='word_1_300' title='bbox 308 3207 400 3256; x_wconf 83' lang='lat' dir='ltr'>Heius.</span> <span class='ocrx_word' id='word_1_301' title='bbox 420 3207 607 3267; x_wconf 50' lang='lat' dir='ltr'>defend—626</span> <span class='ocrx_word' id='word_1_302' title='bbox 623 3207 705 3255; x_wconf 85' lang='lat' dir='ltr'>Gron.</span> <span class='ocrx_word' id='word_1_303' title='bbox 716 3211 739 3254; x_wconf 90' lang='lat' dir='ltr'>et</span> <span class='ocrx_word' id='word_1_304' title='bbox 756 3208 834 3264; x_wconf 75' lang='lat' dir='ltr'>cotui5</span> <span class='ocrx_word' id='word_1_305' title='bbox 849 3207 963 3256; x_wconf 87' lang='lat' dir='ltr'>Beroliu.</span> <span class='ocrx_word' id='word_1_306' title='bbox 977 3208 1056 3270; x_wconf 82' lang='lat' dir='ltr'>petiit.</span> <span class='ocrx_word' id='word_1_307' title='bbox 1075 3209 1194 3259; x_wconf 76' lang='lat' dir='ltr'>Quattuor</span> 
     </span>
     <span class='ocr_line' id='line_1_34' title="bbox 93 3271 1194 3335; baseline 0.004 -17"><span class='ocrx_word' id='word_1_308' title='bbox 93 3276 254 3333; x_wconf 79' lang='lat' dir='ltr'>temerataque</span> <span class='ocrx_word' id='word_1_309' title='bbox 264 3275 337 3319; x_wconf 65' lang='lat' dir='ltr'>noar.</span> <span class='ocrx_word' id='word_1_310' title='bbox 348 3286 358 3328; x_wconf 66' lang='grc' dir='ltr'><strong><em>ς</em></strong></span> <span class='ocrx_word' id='word_1_311' title='bbox 376 3271 489 3320; x_wconf 88' lang='lat' dir='ltr'>nonnulli</span> <span class='ocrx_word' id='word_1_312' title='bbox 497 3271 625 3321; x_wconf 78' lang='lat' dir='ltr'>temerarie</span> <span class='ocrx_word' id='word_1_313' title='bbox 635 3275 695 3319; x_wconf 79' lang='lat' dir='ltr'>nort.</span> <span class='ocrx_word' id='word_1_314' title='bbox 707 3271 809 3320; x_wconf 84' lang='lat' dir='ltr'>Deinde</span> <span class='ocrx_word' id='word_1_315' title='bbox 820 3272 925 3334; x_wconf 89' lang='lat' dir='ltr'>plurimi</span> <span class='ocrx_word' id='word_1_316' title='bbox 935 3273 1132 3335; x_wconf 69' lang='lat' dir='ltr'>rutupina-ees</span> <span class='ocrx_word' id='word_1_317' title='bbox 1145 3273 1194 3322; x_wconf 83' lang='lat' dir='ltr'>Be·</span> 
     </span>
     <span class='ocr_line' id='line_1_35' title="bbox 95 3335 1194 3398; baseline 0.004 -15"><span class='ocrx_word' id='word_1_318' title='bbox 95 3335 170 3384; x_wconf 87' lang='lat' dir='ltr'>rolin.</span> <span class='ocrx_word' id='word_1_319' title='bbox 192 3336 261 3383; x_wconf 72' lang='lat' dir='ltr'>uniit.</span> <span class='ocrx_word' id='word_1_320' title='bbox 283 3340 328 3392; x_wconf 83' lang='lat' dir='ltr'>ert,</span> <span class='ocrx_word' id='word_1_321' title='bbox 350 3340 429 3384; x_wconf 82' lang='lat' dir='ltr'>tumen</span> <span class='ocrx_word' id='word_1_322' title='bbox 448 3340 482 3384; x_wconf 79' lang='lat' dir='ltr'>ert</span> <span class='ocrx_word' id='word_1_323' title='bbox 503 3337 530 3384; x_wconf 87' lang='lat' dir='ltr'>in</span> <span class='ocrx_word' id='word_1_324' title='bbox 551 3335 808 3398; x_wconf 49' lang='lat' dir='ltr'>criminemur-629</span> <span class='ocrx_word' id='word_1_325' title='bbox 832 3337 949 3386; x_wconf 82' lang='lat' dir='ltr'>eratuor</span> <span class='ocrx_word' id='word_1_326' title='bbox 968 3337 1026 3386; x_wconf 85' lang='lat' dir='ltr'>libri</span> <span class='ocrx_word' id='word_1_327' title='bbox 1045 3342 1068 3385; x_wconf 84' lang='lat' dir='ltr'>et</span> <span class='ocrx_word' id='word_1_328' title='bbox 1090 3337 1194 3387; x_wconf 76' lang='lat' dir='ltr'>incerte.</span> 
     </span>
     <span class='ocr_line' id='line_1_36' title="bbox 93 3397 1196 3464; baseline 0.005 -16"><span class='ocrx_word' id='word_1_329' title='bbox 93 3397 168 3448; x_wconf 80' lang='lat' dir='ltr'>Unus</span> <span class='ocrx_word' id='word_1_330' title='bbox 187 3397 261 3450; x_wconf 87' lang='lat' dir='ltr'>Med.</span> <span class='ocrx_word' id='word_1_331' title='bbox 281 3404 316 3448; x_wconf 81' lang='lat' dir='ltr'>ert</span> <span class='ocrx_word' id='word_1_332' title='bbox 326 3399 428 3464; x_wconf 80' lang='lat' dir='ltr'>fiducia.</span> <span class='ocrx_word' id='word_1_333' title='bbox 454 3399 546 3449; x_wconf 82' lang='lat' dir='ltr'>licias.</span> <span class='ocrx_word' id='word_1_334' title='bbox 568 3399 664 3448; x_wconf 78' lang='lat' dir='ltr'>rectius</span> <span class='ocrx_word' id='word_1_335' title='bbox 687 3399 826 3464; x_wconf 86' lang='lat' dir='ltr'>legendum</span> <span class='ocrx_word' id='word_1_336' title='bbox 845 3406 923 3464; x_wconf 89' lang='lat' dir='ltr'>putat</span> <span class='ocrx_word' id='word_1_337' title='bbox 944 3402 1107 3452; x_wconf 75' lang='lat' dir='ltr'>urenti—6³⁰</span> <span class='ocrx_word' id='word_1_338' title='bbox 1123 3401 1196 3454; x_wconf 85' lang='lat' dir='ltr'>Libri</span> 
     </span>
    </p>
   </div>
   <div class='ocr_carea' id='block_1_10' title="bbox 595 3535 700 3612">
    <p class='ocr_par' dir='ltr' id='par_1_20' title="bbox 595 3535 700 3612">
     <span class='ocr_line' id='line_1_37' title="bbox 595 3535 700 3612; baseline 0.019 -2"><span class='ocrx_word' id='word_1_339' title='bbox 595 3535 700 3612; x_wconf 76' lang='lat' dir='ltr'>neure</span> 
     </span>
    </p>
   </div>
   <div class='ocr_carea' id='block_1_11' title="bbox 90 3665 1249 4346">
    <p class='ocr_par' dir='ltr' id='par_1_21' title="bbox 90 3665 1249 4188">
     <span class='ocr_line' id='line_1_38' title="bbox 124 3665 1193 3732; baseline -0.001 -14"><span class='ocrx_word' id='word_1_340' title='bbox 124 3671 175 3720; x_wconf 72' lang='lat'>62⁴</span> <span class='ocrx_word' id='word_1_341' title='bbox 192 3665 315 3732; x_wconf 78' lang='lat' dir='ltr'>nn1sie</span> <span class='ocrx_word' id='word_1_342' title='bbox 333 3667 444 3717; x_wconf 76' lang='lat' dir='ltr'>solemus</span> <span class='ocrx_word' id='word_1_343' title='bbox 464 3679 550 3716; x_wconf 83' lang='lat' dir='ltr'>omncs</span> <span class='ocrx_word' id='word_1_344' title='bbox 561 3665 625 3716; x_wconf 78' lang='lat' dir='ltr'>vitia</span> <span class='ocrx_word' id='word_1_345' title='bbox 665 3669 769 3728; x_wconf 82' lang='lat' dir='ltr'>Lector,</span> <span class='ocrx_word' id='word_1_346' title='bbox 791 3667 901 3732; x_wconf 87' lang='lat' dir='ltr'>primum</span> <span class='ocrx_word' id='word_1_347' title='bbox 922 3674 949 3718; x_wconf 87' lang='lat' dir='ltr'>et</span> <span class='ocrx_word' id='word_1_348' title='bbox 969 3669 1119 3730; x_wconf 78' lang='lat' dir='ltr'>secundum,</span> <span class='ocrx_word' id='word_1_349' title='bbox 1142 3675 1193 3718; x_wconf 86' lang='lat' dir='ltr'>ter·</span> 
     </span>
     <span class='ocr_line' id='line_1_39' title="bbox 90 3744 1192 3808; baseline -0.005 -12"><span class='ocrx_word' id='word_1_350' title='bbox 90 3751 181 3796; x_wconf 83' lang='lat' dir='ltr'>nostre</span> <span class='ocrx_word' id='word_1_351' title='bbox 199 3745 316 3794; x_wconf 74' lang='lat' dir='ltr'>honestis</span> <span class='ocrx_word' id='word_1_352' title='bbox 331 3744 476 3794; x_wconf 84' lang='lat' dir='ltr'>nominibus</span> <span class='ocrx_word' id='word_1_353' title='bbox 492 3757 624 3793; x_wconf 79' lang='lat' dir='ltr'>excusare.</span> <span class='ocrx_word' id='word_1_354' title='bbox 665 3745 918 3806; x_wconf 64' lang='lat' dir='ltr'>tremebundus,</span> <span class='ocrx_word' id='word_1_355' title='bbox 935 3745 1039 3794; x_wconf 89' lang='lat' dir='ltr'>omniuo</span> <span class='ocrx_word' id='word_1_356' title='bbox 1051 3757 1130 3808; x_wconf 79' lang='lat' dir='ltr'>preve</span> <span class='ocrx_word' id='word_1_357' title='bbox 1141 3757 1192 3791; x_wconf 89' lang='lat' dir='ltr'>non</span> 
     </span>
     <span class='ocr_line' id='line_1_40' title="bbox 93 3817 1196 3884; baseline -0.007 -10"><span class='ocrx_word' id='word_1_358' title='bbox 93 3821 176 3874; x_wconf 72' lang='lat' dir='ltr'>Queri</span> <span class='ocrx_word' id='word_1_359' title='bbox 188 3835 250 3870; x_wconf 81' lang='lat' dir='ltr'>vero</span> <span class='ocrx_word' id='word_1_360' title='bbox 261 3821 332 3870; x_wconf 79' lang='lat' dir='ltr'>Deus</span> <span class='ocrx_word' id='word_1_361' title='bbox 351 3821 395 3869; x_wconf 86' lang='lat' dir='ltr'>ille</span> <span class='ocrx_word' id='word_1_362' title='bbox 415 3834 465 3869; x_wconf 86' lang='lat' dir='ltr'>uon</span> <span class='ocrx_word' id='word_1_363' title='bbox 484 3820 519 3869; x_wconf 84' lang='lat' dir='ltr'>sit</span> <span class='ocrx_word' id='word_1_364' title='bbox 530 3819 623 3869; x_wconf 89' lang='lat' dir='ltr'>Libido</span> <span class='ocrx_word' id='word_1_365' title='bbox 664 3819 793 3882; x_wconf 86' lang='lat' dir='ltr'>lucipere;</span> <span class='ocrx_word' id='word_1_366' title='bbox 804 3827 1015 3884; x_wconf 77' lang='lat' dir='ltr'>quae‚portquem</span> <span class='ocrx_word' id='word_1_367' title='bbox 1025 3819 1091 3868; x_wconf 81' lang='lat' dir='ltr'>viem</span> <span class='ocrx_word' id='word_1_368' title='bbox 1104 3817 1196 3881; x_wconf 73' lang='lat' dir='ltr'>preci·</span> 
     </span>
     <span class='ocr_line' id='line_1_41' title="bbox 90 3892 1249 3961; baseline -0.003 -17"><span class='ocrx_word' id='word_1_369' title='bbox 90 3897 160 3961; x_wconf 76' lang='lat' dir='ltr'>ipse,</span> <span class='ocrx_word' id='word_1_370' title='bbox 185 3909 264 3946; x_wconf 88' lang='lat' dir='ltr'>unum</span> <span class='ocrx_word' id='word_1_371' title='bbox 292 3896 411 3961; x_wconf 87' lang='lat' dir='ltr'>idemque</span> <span class='ocrx_word' id='word_1_372' title='bbox 439 3896 624 3960; x_wconf 84' lang='lat' dir='ltr'>propemodum</span> <span class='ocrx_word' id='word_1_373' title='bbox 664 3895 745 3957; x_wconf 87' lang='lat' dir='ltr'>pitem</span> <span class='ocrx_word' id='word_1_374' title='bbox 773 3907 858 3942; x_wconf 71' lang='lat' dir='ltr'>sumne</span> <span class='ocrx_word' id='word_1_375' title='bbox 885 3893 1003 3957; x_wconf 76' lang='lat' dir='ltr'>ingressi,</span> <span class='ocrx_word' id='word_1_376' title='bbox 1029 3896 1072 3942; x_wconf 87' lang='lat' dir='ltr'>vel</span> <span class='ocrx_word' id='word_1_377' title='bbox 1098 3892 1195 3942; x_wconf 79' lang='lat' dir='ltr'>invitor</span> <span class='ocrx_word' id='word_1_378' title='bbox 1244 3908 1249 3925; x_wconf 72' lang='lat'>=</span> 
     </span>
     <span class='ocr_line' id='line_1_42' title="bbox 93 3963 910 4035; baseline -0.006 -12"><span class='ocrx_word' id='word_1_379' title='bbox 93 3974 176 4023; x_wconf 77' lang='lat' dir='ltr'>totius</span> <span class='ocrx_word' id='word_1_380' title='bbox 203 3973 304 4035; x_wconf 78' lang='lat' dir='ltr'>generis</span> <span class='ocrx_word' id='word_1_381' title='bbox 337 3973 441 4022; x_wconf 79' lang='lat' dir='ltr'>humani</span> <span class='ocrx_word' id='word_1_382' title='bbox 468 3972 624 4034; x_wconf 87' lang='lat' dir='ltr'>incendium,</span> <span class='ocrx_word' id='word_1_383' title='bbox 664 3963 910 4032; x_wconf 80' lang='lat' dir='ltr'>deinc&#39;epstrebunt.</span> 
     </span>
     <span class='ocr_line' id='line_1_43' title="bbox 91 4041 1192 4114; baseline -0.005 -16"><span class='ocrx_word' id='word_1_384' title='bbox 91 4048 172 4114; x_wconf 85' lang='lat' dir='ltr'>quod,</span> <span class='ocrx_word' id='word_1_385' title='bbox 195 4055 292 4112; x_wconf 82' lang='lat' dir='ltr'>praeter</span> <span class='ocrx_word' id='word_1_386' title='bbox 316 4051 450 4113; x_wconf 81' lang='lat' dir='ltr'>lacrymer,</span> <span class='ocrx_word' id='word_1_387' title='bbox 467 4048 537 4096; x_wconf 80' lang='lat' dir='ltr'>ualle</span> <span class='ocrx_word' id='word_1_388' title='bbox 557 4061 625 4113; x_wconf 76' lang='lat' dir='ltr'>aque</span> <span class='ocrx_word' id='word_1_389' title='bbox 695 4048 743 4094; x_wconf 74' lang='grc'>633</span> <span class='ocrx_word' id='word_1_390' title='bbox 761 4045 863 4110; x_wconf 79' lang='lat' dir='ltr'>Meuia]</span> <span class='ocrx_word' id='word_1_391' title='bbox 879 4047 1004 4107; x_wconf 76' lang='lat' dir='ltr'>Cannium,</span> <span class='ocrx_word' id='word_1_392' title='bbox 1022 4041 1132 4103; x_wconf 78' lang='lat' dir='ltr'>seilicet,</span> <span class='ocrx_word' id='word_1_393' title='bbox 1144 4042 1192 4093; x_wconf 77' lang='lat' dir='ltr'>Cu·</span> 
     </span>
     <span class='ocr_line' id='line_1_44' title="bbox 93 4119 818 4188; baseline -0.001 -16"><span class='ocrx_word' id='word_1_394' title='bbox 93 4123 177 4188; x_wconf 76' lang='lat' dir='ltr'>possit</span> <span class='ocrx_word' id='word_1_395' title='bbox 187 4123 347 4187; x_wconf 77' lang='lat' dir='ltr'>extinguere.</span> <span class='ocrx_word' id='word_1_396' title='bbox 664 4119 710 4169; x_wconf 76' lang='lat' dir='ltr'>rite</span> <span class='ocrx_word' id='word_1_397' title='bbox 721 4120 818 4171; x_wconf 87' lang='lat' dir='ltr'>urbem.</span> 
     </span>
    </p>

    <p class='ocr_par' dir='ltr' id='par_1_22' title="bbox 124 4198 625 4264">
     <span class='ocr_line' id='line_1_45' title="bbox 124 4198 625 4264; baseline -0.004 -15"><span class='ocrx_word' id='word_1_398' title='bbox 124 4203 173 4250; x_wconf 71' lang='lat' dir='ltr'>eet</span> <span class='ocrx_word' id='word_1_399' title='bbox 192 4199 300 4263; x_wconf 83' lang='lat' dir='ltr'>Denique</span> <span class='ocrx_word' id='word_1_400' title='bbox 310 4198 377 4262; x_wconf 77' lang='lat' dir='ltr'>jam]</span> <span class='ocrx_word' id='word_1_401' title='bbox 402 4200 481 4264; x_wconf 81' lang='lat' dir='ltr'>Ergo,</span> <span class='ocrx_word' id='word_1_402' title='bbox 501 4198 625 4260; x_wconf 80' lang='lat' dir='ltr'>uirides,</span> 
     </span>
    </p>

    <p class='ocr_par' dir='ltr' id='par_1_23' title="bbox 157 4277 1128 4346">
     <span class='ocr_line' id='line_1_46' title="bbox 157 4277 1128 4346; baseline -0.003 -17"><span class='ocrx_word' id='word_1_403' title='bbox 157 4280 246 4346; x_wconf 85' lang='lat' dir='ltr'>Detplr.</span> <span class='ocrx_word' id='word_1_404' title='bbox 256 4284 281 4330; x_wconf 83' lang='lat' dir='ltr'>et</span> <span class='ocrx_word' id='word_1_405' title='bbox 295 4281 350 4332; x_wconf 86' lang='lat' dir='ltr'>Var.</span> <span class='ocrx_word' id='word_1_406' title='bbox 361 4280 426 4332; x_wconf 73' lang='lat' dir='ltr'>ctae.</span> <span class='ocrx_word' id='word_1_407' title='bbox 612 4277 685 4328; x_wconf 81' lang='lat' dir='ltr'>orta.</span> <span class='ocrx_word' id='word_1_408' title='bbox 1075 4281 1091 4326; x_wconf 82' lang='lat' dir='ltr'>t</span> <span class='ocrx_word' id='word_1_409' title='bbox 1106 4278 1128 4326; x_wconf 80' lang='lat' dir='ltr'>&#39;l&#39;</span> 
     </span>
    </p>
   </div>
   <div class='ocr_carea' id='block_1_12' title="bbox 0 0 1424 4774">
    <p class='ocr_par' dir='ltr' id='par_1_24' title="bbox 0 0 1424 4774">
     <span class='ocr_line' id='line_1_47' title="bbox 0 0 1424 4774; baseline 0 5"><span class='ocrx_word' id='word_1_410' title='bbox 0 0 1424 4774; x_wconf 95' lang='lat' dir='ltr'> </span> 
     </span>
    </p>
   </div>
  </div>
 </body>
</html>
