2838 4774
181 326 267 402 1⁴2⁰
489 359 495 368 ·
546 343 578 392 r.
602 343 723 394 ovrmr
747 341 910 394 nescius

178 485 254 552 Nec
268 503 361 550 mora
371 504 388 550 ε1
402 503 565 568 percusso
579 487 796 552 mendacibus
809 486 885 552 aire
898 486 1028 570 pennis,

177 575 312 672 Abripit
326 586 468 652 Iliaden.
513 585 583 664 Qui
598 607 688 651 nunc
705 607 841 671 quoque
851 589 975 672 pocula
987 588 1116 666 miscet,
1211 584 1285 652 160

180 687 355 771 Invitaque
369 687 450 755 Jovi
464 692 580 752 nectar
593 685 724 753 Junone
739 690 915 756 ministrat.
1268 705 1271 708 ·

360 1063 364 1068 ,
417 987 507 1053 Fun.
528 987 575 1054 V.
619 987 835 1072 Hyacinthus
850 991 885 1055 in
899 991 1040 1056 Florem.

181 1149 366 1205 neronum
375 1152 502 1219 Amycle,
511 1153 622 1206 dilectos
633 1156 666 1205 ab
676 1155 807 1220 Apolline,
818 1171 877 1207 cum
886 1172 932 1221 per
938 1158 1026 1221 jocum
1037 1156 1063 1207 in
1072 1161 1203 1207 certamen
1215 1145 1286 1206 disc?

213 1234 335 1298 venisset,
351 1235 428 1285 altius
442 1236 544 1300 jactum
561 1237 662 1300 pondus
677 1252 729 1286 uon
748 1238 818 1301 prius
834 1238 969 1301 despicere
988 1237 1084 1306 potnit,
1102 1251 1181 1301 quam
1199 1236 1286 1302 capiti

190 1311 192 1316 '
212 1313 293 1363 sensit
301 1313 436 1378 injectum.
470 1317 529 1367 Quo
540 1317 615 1381 eliso,
626 1324 686 1380 post
699 1316 796 1367 obitum
814 1307 870 1381 ejus
882 1329 959 1367 cruor
970 1317 996 1366 in
1007 1314 1096 1367 florent
1108 1317 1165 1380 ejus
1176 1315 1284 1365 nomine

190 1383 194 1450 ]
212 1393 365 1460 inscriptum
375 1396 460 1472 cessit.

178 1501 246 1597 Tu
259 1554 406 1618 quoque,
418 1523 608 1618 'Amyclide
624 1537 793 1620 posuisset
804 1537 839 1600 in
855 1537 974 1601 aethere
989 1533 1152 1612 Phoebus,

180 1631 305 1700 Tristia
320 1637 351 1700 si
366 1639 512 1722 spatium
527 1637 671 1720 ponendi
687 1637 757 1701 fata
771 1636 954 1702 dedissent.
1046 1701 1050 1708 ,

182 1729 261 1812 Qua
275 1734 366 1813 licet,
383 1743 527 1802 aeternus
540 1743 648 1800 temen
661 1755 715 1798 es:
737 1735 933 1818 quotiesque
948 1736 1080 1820 repellit

180 1833 250 1898 Ver
263 1836 425 1920 hyemem,
443 1836 601 1919 Piscique
615 1834 713 1901 Aries
728 1837 1041 1920 succedit'e'quos03
1126 1883 1129 1890 ,
1217 1835 1286 1900 165

181 1933 236 2004 Tu
251 1937 352 2002 toties
368 1939 485 2016 merie,
500 1938 663 2022 viridique
679 1939 855 2021 incespite
868 1958 1001 2003 vernas.
1239 1955 1244 1963 ·

181 2036 232 2101 Tc
246 2058 341 2104 meus
356 2047 431 2106 ente
446 2043 529 2106 alios
545 2043 673 2124 genitor
687 2041 826 2107 dilexit:
848 2045 881 2105 et
893 2042 973 2105 orbe
1064 2046 1067 2051 ’

181 2214 301 2294 sinrslotis
308 2218 392 2281 mosis
399 2217 479 2279 essert
490 2218 600 2270 Iliades:
616 2219 656 2282 qai
666 2233 727 2268 sesso
737 2219 809 2268 dium
817 2224 933 2283 temperat
940 2219 1033 2282 poculo,
1042 2207 1113 2283 utque
1122 2218 1193 2284 qffert
1201 2223 1287 2270 mear

181 2279 249 2392 'loll'
257 2283 586 2408 affirmaturos
598 2346 624 2394 in
634 2346 699 2408 coelo,
706 2347 838 2411 Amyclidc,
849 2347 871 2394 st
876 2344 933 2407 foto
939 2309 1019 2396 tristia
1029 2351 1120 2410 tempas
1130 2346 1285 2396 indulsissent

182 2409 309 2458 domnoli.
345 2409 433 2459 Tamen
452 2410 595 2460 immortalis
613 2424 646 2471 es,
664 2415 777 2474 quotenus
796 2411 868 2470 licet5
885 2413 1008 2472 etqaotr'es
1024 2426 1065 2460 cer
1078 2410 1153 2472 fuget
1170 2411 1287 2474 hyemat,

182 2475 253 2532 atquc
264 2472 335 2521 Aries
344 2473 493 2538 saluquttur
504 2475 598 2522 Piscem
606 2489 724 2536 aqueum,
735 2480 762 2524 ta
772 2475 843 2524 toties
853 2489 960 2538 oppones,
972 2473 1074 2538 etflorcs
1085 2477 1110 2523 in
1120 2475 1195 2524 uiridi
1203 2473 1286 2538 glebo.

181 2535 330 2598 Meurputer
338 2542 362 2586 tc
372 2537 461 2586 amovit
468 2552 521 2601 proe
529 2539 630 2586 celcris.-
641 2544 665 2587 et
675 2539 765 2601 Delphi
770 2539 812 2587 siti
818 2538 846 2587 in
854 2540 930 2588 medio
939 2539 993 2589 orbe
1000 2539 1110 2588 destituti
1117 2543 1172 2588 aaut
1182 2543 1285 2601 rectore,

641 2665 684 2685 000
687 2667 819 2687 HOMO?

182 2761 979 2894 {tittttstltt‘ttsftttstttttitud?
992 2767 1167 2891 iiiiii?
1174 2763 1286 2891 tte}

181 2891 262 2954 sslot
278 2888 393 2966 Berolin.
420 2892 587 2966 quotierrsqae5
614 2893 834 2955 ιιι-1661111161.
863 2893 967 2942 Bonchii
989 2893 1068 2942 etiam
1087 2891 1154 2941 liber
1174 2891 1285 2955 cieoqu,

183 2951 251 3016 quod
262 2959 290 3001 et
302 2953 364 3002 alrbr
374 2969 514 3017 saeprssnme
526 2956 648 3006 occurrit.
681 2956 735 3004 Pro
746 2957 812 3018 vulg.
823 2957 910 3020 stores,
928 2958 1017 3006 Burm.
1036 2971 1069 3005 ex
1088 2970 1139 3004 uno
1151 2955 1225 3016 Leid.
1243 2971 1286 3005 re-

182 3017 254 3098 cepit
273 3022 446 3068 serm-167
463 3020 578 3070 Berolin.
595 3025 645 3070 ont.
666 3022 903 3082 contegentem
921 3021 999 3082 etiem
1016 3021 1113 3070 Thuen.
1132 3025 1156 3069 et
1177 3017 1290 3100 crim-¹

675 3164 781 3215 NOTAE

133 3298 135 3304 ’
182 3276 278 3328 dicitur
297 3291 357 3328 eum
373 3277 495 3327 adversus
511 3277 617 3328 Titanas
636 3275 712 3340 proti·
751 3291 840 3339 cauea,
856 3280 992 3338 remotam,
1010 3281 1065 3326 tum
1083 3280 1195 3338 propter
1212 3289 1284 3325 amo·

181 3351 342 3412 timentum
368 3368 426 3417 quse
443 3353 554 3418 denique
573 3354 600 3402 in
619 3353 712 3402 coelom
751 3365 802 3401 res.
1284 3381 1286 3388 ,

183 3424 267 3494 relata
277 3425 374 3475 tulmen
392 3429 518 3491 unguibus
536 3436 627 3478 tenere
637 3428 712 3490 tingi·
783 3432 832 3477 162
847 3426 983 3491 Amyclide]
999 3424 1164 3489 Hyacinthus
1184 3430 1234 3487 est,
1247 3423 1286 3482 A,

183 3507 234 3550 tur.
274 3500 362 3564 Atque
381 3503 438 3550 haec
455 3509 517 3551 sunt
535 3503 658 3566 pleraque
675 3503 711 3550 fa·
749 3506 852 3568 myclcc,
869 3505 1034 3568 Amyclaeum
1053 3503 1080 3551 in
1095 3503 1210 3552 Laconia
1221 3517 1283 3553 con·

182 3577 260 3630 bulte.
302 3577 400 3627 Fabula
424 3567 475 3626 nou
502 3585 551 3638 est,
576 3578 710 3642 quodnisi
749 3580 849 3642 diteris,
859 3579 934 3628 tilius.
1283 3620 1287 3632 ,

181 3652 379 3719 equiliscorpue
397 3669 470 3704 suum
489 3668 563 3702 verus
580 3654 651 3702 Deus
665 3667 710 3703 ex·
747 3705 760 3720 ,
782 3659 828 3704 165
845 3654 927 3716 Aries]
959 3654 1012 3705 Qui
1034 3651 1104 3702 sidus
1121 3659 1160 3702 est
1179 3653 1208 3702 in
1230 3649 1289 3706 Zo-.

181 3729 271 3796 hibet:
300 3736 379 3794 atque
401 3745 432 3779 eo
460 3739 577 3794 assurget
597 3731 710 3795 quisquis
750 3731 833 3790 diaco,
852 3731 931 3795 qnod,
947 3729 1045 3779 relictis
1063 3729 1190 3794 Piscibus,
1209 3740 1282 3794 post·

182 3805 252 3856 illius
268 3805 336 3854 lilino
354 3804 442 3868 fuerit,
461 3807 503 3855 eui
521 3808 570 3856 alae
587 3805 656 3858 dete
677 3806 710 3856 ab
750 3821 826 3872 quam
848 3807 891 3855 Sol
914 3816 953 3856 est
983 3807 1120 3869 ingressus,
1143 3805 1280 3870 benignius

181 3881 240 3945 ipso
251 3882 356 3944 grandis
369 3883 469 3946 aquilae.
751 3883 836 3932 radios
845 3897 905 3931 suos
917 3882 949 3932 ad
961 3896 1006 3931 nos
1016 3883 1179 3944 transmittit,
1188 3894 1288 3933 vern&-

188 3993 193 4004 ,
215 3962 263 4024 166
280 3958 383 4021 Iliaden]
402 3959 579 4022 Ganymedem
595 3958 667 4021 dicit,
676 3958 711 4008 lli
750 3961 851 4024 lemque
862 3966 1046 4022 tempestatem
1056 3958 1171 4008 inchoat.
1259 3961 1264 3972 '
1281 3981 1286 4012 ι

182 4031 299 4095 fratrem,
310 4035 358 4087 llio
369 4034 512 4084 oriundum.
783 4039 831 4084 166
851 4034 951 4096 Verso]
969 4034 1038 4085 Quia
1054 4035 1080 4082 in
1091 4031 1183 4088 florem
1194 4042 1277 4086 muta.

217 4110 264 4156 161
291 4109 384 4171 lecito]
408 4111 473 4158 Tum
497 4116 606 4173 propter
630 4107 711 4157 filiam
751 4116 793 4160 tus
816 4109 986 4172 Hyacinthus.
1024 4155 1028 4164 ,
1076 4159 1078 4164 ,

185 4178 409 4238 serenasset.
424 4185 534 4250 poculis,
544 4183 709 4258 ,Ganymedis
760 4226 763 4232 .
781 4187 828 4238 161
847 4183 962 4250 σακίων]
977 4182 1084 4250 Apollo,
1096 4185 1283 4255 quemsapius
