2840 4766
382 321 740 374 unrmonruoenou
765 321 842 374 mr.
862 324 930 373 vu.
1118 301 1209 374 tutu

194 662 283 727 Fun.
301 619 470 727 xiivss.
515 659 681 743 Cephalus
700 661 743 726 ab
763 658 894 726 Aurora
912 659 1117 727 immutatur.

74 891 78 897 .
102 827 251 879 Gerusws
269 827 303 878 de
319 827 394 878 donis
405 825 488 876 refert
504 824 616 876 invicem
628 825 707 875 AEaco
724 825 757 874 de
768 817 897 874 Procride
914 825 1036 888 conjuge,
1049 830 1078 875 et
1091 815 1149 890 cur,
1159 815 1207 878 eut

136 908 207 956 unde
217 909 298 958 telum
318 914 429 971 gereret.
465 906 566 956 cumin
577 912 666 955 monte
678 907 807 969 Hymetto
818 903 917 954 Atticas
932 905 1044 968 regionis
1059 911 1207 968 venaretur,

116 985 169 1036 ..ab
189 985 291 1037 Aurora
310 989 344 1036 ob
363 986 477 1050 speciem
494 992 585 1049 ruptus
604 991 662 1036 est:
681 999 756 1050 quem
773 992 803 1036 ut
819 985 947 1048 comperit
962 985 1097 1035 Proerldis
1112 983 1211 1049 prlorle

135 1067 256 1130 conjugis
265 1082 351 1116 amore
365 1067 524 1130 implicatum
535 1082 550 1115 a
560 1080 588 1116 se
601 1067 668 1116 velle
679 1065 785 1128 diverti,
796 1065 860 1116 fecit
872 1073 901 1115 ut
912 1072 1011 1115 murteta
1020 1067 1109 1128 speeie
1118 1065 1208 1120 reule·

135 1161 180 1196 ens
193 1147 324 1210 Cephalus
336 1145 451 1196 Athenas
465 1146 648 1208 contenderet,
659 1151 686 1195 et
703 1159 759 1196 earn
771 1145 895 1212 pollicitis
907 1145 1108 1209 muneribusque
1122 1151 1209 1196 tento·

137 1233 189 1289 ret,
200 1241 233 1276 an
245 1227 395 1290 pudicitiam
406 1223 497 1290 puram
514 1232 604 1290 posset
616 1239 730 1276 serrare.
762 1225 886 1274 Pluribus
897 1226 985 1290 itaque
998 1226 1073 1274 rebus
1086 1225 1118 1274 ad
1133 1239 1209 1274 mnne

135 1305 298 1372 feminarum
310 1307 474 1369 comparatis,
486 1306 579 1370 quihus
592 1305 651 1369 cupi
667 1309 762 1368 posset,
775 1305 878 1354 fallacis
888 1315 1000 1354 mentem
1019 1303 1153 1354 Procrldis
1163 1304 1210 1353 eli·

136 1387 202 1436 euit.
236 1386 314 1437 Quod
325 1394 353 1434 ut
361 1387 406 1435 ille
416 1386 561 1449 comperiit
576 1399 593 1434 a
603 1384 697 1434 marito
707 1398 735 1433 ee
744 1397 803 1434 esee
812 1383 958 1448 deceptum,
967 1384 1065 1448 pudure
1075 1381 1211 1444 exterrito,

135 1473 167 1516 ut
175 1473 344 1530 conspectum
356 1467 409 1530 ejus
421 1465 524 1530 vitaret,
545 1465 606 1515 eltis
619 1479 647 1530 se
659 1464 806 1514 recondidit
817 1464 936 1514 saltibus.
967 1462 1110 1527 [Cephalus
1120 1468 1208 1524 nutem

136 1547 233 1596 amoris
245 1546 482 1609 {reperiendarum
493 1545 548 1608 ejus
559 1545 700 1594 absentiam
710 1542 780 1594 ferre
791 1558 841 1592 non
854 1539 1210 1607 posseqpreciousimpetrs·

136 1625 186 1688 rit,
197 1633 228 1676 nt
239 1625 271 1675 ed
280 1640 308 1675 se
319 1625 433 1676 rediret:
451 1619 614 1688 reversaque
623 1638 714 1673 cenem
726 1626 749 1672 ei
763 1623 837 1673 dedit
853 1621 1050 1685 velocissimum,
1061 1627 1089 1672 et
1094 1621 1209 1685 jaculum

136 1704 790 1770 inevitabile,qnoduuoqnenrt'rustrajnceretur.]

104 1849 290 1938 Temnos
305 1879 406 1956 atque
420 1873 497 1938 eliis
512 1874 646 1956 longum
661 1874 871 1938 sermonibus
885 1873 936 1938 illi
976 1947 979 1954 .

107 1977 295 2060 Implevere
310 1976 407 2040 diem.
447 1975 557 2039 Inois
571 1994 651 2057 pars
664 1975 781 2038 ultima
792 1981 915 2040 mensae

106 2077 171 2144 Est
184 2079 362 2156 detnenox
375 2079 517 2142 somnis.
561 2077 668 2142 luber
682 2095 801 2146 eureus
814 2071 975 2158 extulerat
989 2076 1067 2142 Sol:
1154 2117 1160 2124 ·

108 2179 232 2244 Flebat
246 2180 354 2254 adhuc
370 2179 495 2260 Eurns3
518 2179 729 2260 redituraque
743 2178 821 2242 vele
833 2177 975 2242 tenebat.

106 2279 363 2363 Adcephalon
379 2281 531 2360 Pallante
546 2279 623 2356 sati,
638 2279 694 2342 cui
710 2278 860 2360 grandior
875 2283 971 2356 aetus,
1142 2275 1208 2342 665

79 2430 83 2435 -
105 2379 161 2446 Ad
173 2402 285 2464 regem
301 2381 486 2466 CephaluS,
502 2377 649 2446 simulet
659 2381 813 2454 Pallante
826 2380 929 2446 creati

106 2481 327 2550 Conveniunt.
371 2485 438 2550 Sed
452 2485 561 2549 adhuc
576 2503 687 2568 regem
702 2503 803 2567 sopor
817 2483 901 2548 altus
914 2482 1075 2548 habebat.

68 2648 71 2654 .
106 2581 248 2667 Excipit
262 2585 422 2650 AEucides
434 2587 509 2650 illos
524 2585 558 2648 in
570 2584 683 2650 limine
699 2583 853 2649 Phocus:

106 2685 197 2752 Nam
212 2687 389 2766 Telamon,
403 2687 586 2770 fraterque,
598 2689 690 2753 viros
705 2687 748 2751 ad
760 2686 853 2752 bella
866 2687 1032 2769 legebant.

116 2891 121 2942 j
137 2887 229 2926 xxvrr.
245 2875 288 2926 illi
298 2876 455 2926 eahuueerunt
464 2877 559 2940 hugum
569 2878 630 2928 dum
641 2877 772 2940 bujuonodi
783 2884 852 2944 utque
860 2880 916 2928 aliie
923 2877 1049 2944 eolloqrsiis.
1081 2879 1146 2929 Pure
1156 2882 1205 2932 diei

105 2941 231 2988 mesmes
241 2955 347 2990 merso
357 2945 392 2989 est
402 2942 484 3003 epulis,
500 2956 548 2990 non
565 2944 652 3005 mpori.
685 2943 728 2992 Sol
737 2945 871 3006 epleudidus
879 2947 1007 2992 aduexerat
1016 2945 1089 2992 lucem
1096 2959 1106 3000 ,·
1122 2943 1205 2994 &ihsa-

104 3003 171 3054 urus
180 3005 258 3052 adhue
266 3004 379 3067 spirabit,
389 3009 459 3067 utque
469 3006 610 3068 impediebat
620 3008 715 3055 oculoru
722 3021 852 3056 reversuro.
885 3007 946 3056 Filii
954 3007 1073 3054 Pallantis
1081 3005 1164 3057 colunt
1174 3011 1207 3058 ud

107 3068 246 3134 Capitulum,
256 3069 297 3130 qni
308 3069 437 3130 provectior
445 3075 496 3118 erut
506 3074 578 3119 oetote
584 3086 594 3127 ,·
612 3071 727 3134 Cephalus
737 3070 818 3134 etsslli
829 3070 948 3118 Pollentia
956 3084 1003 3118 usse
1010 3071 1100 3119 obers
1110 3084 1205 3132 regense

105 3131 147 3180 aed·
154 3139 251 3180 maur
258 3132 423 3192 grevenum
432 3133 497 3182 illum
507 3133 609 3182 lmebm.
643 3135 737 3182 Phocus
747 3129 836 3194 excipit
843 3133 895 3182 illua
902 3132 1016 3192 adforet:
1033 3148 1087 3182 uum
1096 3127 1213 3184 Telmesos·

105 3199 174 3260 utque
184 3196 325 3257 qisufrater
335 3196 687 3248 hohcboutdelectumoirorum
694 3211 737 3262 pro
749 3196 845 3247 militie.
877 3197 971 3250 Phocus
980 3198 1045 3247 ducit
1054 3197 1208 3250 Athenienses
1284 3207 1293 3220 ‘

565 3323 743 3346 ‘mmo

138 3408 189 3454 662
208 3401 340 3453 Gebhard.
365 3403 497 3467 Crepuud.
513 3417 531 3454 ι.
554 3410 580 3454 9.
599 3419 632 3453 ex
650 3404 709 3455 Pal.
720 3405 722 3410 ’
734 3405 863 3455 Detinuere
876 3405 918 3455 cl.
929 3394 992 3454 unns
1015 3405 1046 3456 Α.
1064 3407 1208 3470 implicuere.

105 3466 198 3516 Heius.
217 3467 292 3515 dedit
314 3468 399 3516 ultim
414 3482 446 3516 ex
467 3483 518 3518 uuo
536 3468 568 3518 V.
587 3483 627 3531 pr.
638 3475 667 3517 et
678 3485 729 3519 sec.
749 3471 805 3518 Pul.
828 3469 949 3519 Caleudr.
974 3469 1072 3519 duobus
1090 3471 1124 3522 R.
1140 3473 1208 3523 ullis·

105 3545 155 3594 que
174 3531 250 3579 multi
266 3530 372 3592 optilam
401 3530 435 3580 A.
457 3538 486 3580 et
504 3533 569 3582 ulter
588 3533 710 3590 mesiam
735 3533 841 3583 Gruter.
862 3533 1042 3583 extimo-66³
1070 3535 1123 3584 Pro
1135 3537 1206 3595 luber

106 3609 192 3643 surm
214 3594 267 3642 duo
289 3593 347 3643 libri
362 3595 456 3644 siecum
465 3595 555 3654 tuom
572 3604 600 3644 et
615 3611 679 3644 rinus
696 3597 754 3646 Pul.
775 3599 873 3661 clerum,
888 3605 916 3648 et
937 3599 1005 3648 Mor.
1025 3601 1111 3661 amr,
1123 3599 1206 3660 jule.

106 3657 321 3707 Altulerotetiam
343 3659 374 3708 ll.
391 3665 418 3707 et
437 3659 508 3709 Leto.
531 3665 683 3710 nunu-665
703 3661 776 3710 Uuue
789 3661 1020 3738 licitu-etl'bysii
1044 3662 1085 3713 Aa
1108 3663 1204 3726 Cepha·

106 3721 237 3772 loa.-uuu
255 3721 375 3770 Heidelb.
397 3723 555 3787 cephalaeaque
575 3724 646 3772 dmul
666 3726 809 3774 Poll-titii
827 3727 899 3776 Unus
925 3723 1017 3774 Heme.
1033 3741 1082 3788 eop.
1097 3731 1207 3774 ortua.-

107 3789 158 3834 oea
173 3785 206 3834 ln
226 3800 278 3834 uno
298 3785 389 3834 Heius.
405 3789 437 3835 od
454 3787 516 3836 bella
534 3787 668 3836 monebunt:
685 3789 711 3837 in
723 3791 806 3839 altero
817 3797 844 3839 et
862 3790 960 3840 duobus
980 3789 1065 3840 Vatic.
1087 3789 1207 3852 Brisaei,

108 3855 137 3896 et
156 3850 261 3898 Celent.
283 3851 327 3899 Ad
344 3850 405 3900 heila
419 3854 544 3914 pmobm.
578 3852 610 3900 ln
631 3853 745 3916 piurimis
762 3855 840 3903 etiem
862 3860 989 3916 ueterum,
1007 3852 1138 3912 monebam,
1158 3868 1206 3902 ruo·

109 3911 204 3977 want,
217 3913 346 3978 mont,
361 3915 492 3976 repetunt.-
518 3916 551 3964 in·
565 3917 631 3980 eliis,
646 3917 770 3980 ger-elcut,
790 3918 913 3980 munst,
930 3917 1084 3980 premebant:
1107 3913 1134 3966 iu
1155 3930 1206 3968 uno

606 4066 712 4116 NGTAE
767 4107 769 4112 .

417 4183 465 4230 669
497 4178 641 4246 Frnierque]
674 4179 778 4244 Peleus,
791 4169 902 4232 scilicet.

176 4257 293 4322 Delphct
307 4255 439 4310 Vuuclos.
473 4325 477 4334 ¹
626 4258 699 4312 Ouid.
813 4253 817 4261 ’
1087 4263 1142 4312 Η.
