2930 4778
428 311 786 386 unaruouruosuou
812 313 885 364 aru.
907 312 944 364 v.
1148 297 1237 366 1147

133 457 282 524 Goernlei
298 456 416 536 crines,
431 457 604 542 digitique,
619 463 653 522 et
666 475 772 535 mura,
787 456 975 541 pedesque:

131 559 225 624 Nam
239 562 351 624 brevis
365 563 399 624 in
412 559 542 643 gelidas
557 562 712 623 membris
727 560 872 624 exilibus
886 559 994 624 undas

130 659 305 725 Transitus
319 666 381 725 est.
425 662 512 726 Post
525 663 599 728 baec
614 669 820 744 tergumque,
832 661 1036 747 humerique,
1047 661 1213 746 latusque,

132 760 528 846 Pectoraqueintenues
544 765 669 828 abeunt
681 763 823 828 evanida
835 765 936 830 rivos.
1168 761 1236 828 48⁵

131 862 289 948 Denique
304 884 367 946 pro
384 865 461 930 vivo
476 867 613 932 vitiatas
627 867 786 948 sanguine
800 884 902 930 venas

131 965 288 1049 Lympha
301 963 411 1042 subii:
432 970 600 1050 restatque
615 966 710 1044 nihil,
724 965 815 1048 quod
829 966 989 1050 prendere
1004 967 1128 1050 possis.

326 1267 417 1334 Fra.
428 1283 429 1290 ’
439 1269 526 1335 VII.
576 1269 696 1336 Stellas
710 1287 792 1353 puer
805 1269 841 1332 in
855 1269 1040 1334 lacedem.

133 1431 220 1481 Canus
232 1445 293 1482 cum
303 1432 393 1482 orbern
404 1439 532 1484 terrarum
544 1441 718 1500 peragrasset,
729 1433 863 1500 requirens
874 1433 952 1484 liliam
962 1433 1157 1499 Proserpinam,
1168 1437 1236 1485 asta

162 1512 261 1562 torrida
274 1512 307 1562 ad
319 1529 405 1564 casam
416 1515 549 1576 cujusdam
559 1530 623 1564 anus
639 1515 741 1565 nornine
752 1515 860 1565 Mismes
877 1515 999 1565 devenit:
1018 1513 1137 1578 petitque
1148 1513 1181 1563 ab
1192 1527 1234 1576 ea,

160 1599 191 1641 ut
202 1593 251 1642 sibi
263 1607 355 1659 aquam
367 1594 400 1644 ad
412 1596 577 1646 colluendum
591 1595 720 1660 jejunium
735 1596 890 1660 porrigeret.
924 1596 989 1647 Quae
1001 1609 1060 1646 cum
1071 1594 1232 1658 potentatum

161 1672 186 1722 ei
197 1673 329 1736 potionem
341 1675 468 1736 dedisset,
483 1681 511 1725 et
531 1675 576 1725 illa
588 1675 688 1726 aridius
706 1675 818 1740 biberet,
834 1689 901 1740 puer
911 1675 1015 1740 quidam
1031 1674 1147 1738 ejusden
1165 1687 1234 1724 easta

160 1753 254 1804 stelles
266 1769 324 1803 eam
335 1756 471 1818 procacius
483 1762 523 1804 ert
534 1761 698 1818 prosecutur,
709 1757 854 1818 praedicans
874 1756 1025 1808 aviditatem
1036 1757 1094 1818 ejus
1103 1755 1130 1804 lu
1141 1754 1232 1805 biben-

161 1831 209 1882 do:
234 1833 309 1897 cujus
328 1834 387 1883 Dea
405 1833 514 1882 audacia
532 1833 606 1897 pueri
623 1831 727 1896 offensa,
738 1833 764 1881 in
783 1833 856 1883 malis
878 1839 979 1897 partem
997 1833 1109 1899 potionis
1125 1834 1152 1884 in
1172 1849 1232 1886 eun

160 1909 262 1972 effudit,
281 1911 396 1978 fecitque
416 1921 445 1964 ut
461 1914 487 1963 in
506 1913 652 1964 stellionem
673 1919 880 1978 converteretur,
898 1915 941 1980 qui
963 1915 1096 1980 potionem
1116 1927 1232 1980 sparsam

159 1992 269 2055 polenta
280 2001 355 2058 tergo
367 1995 525 2046 ostenderet.

130 2105 311 2196 Inonem
328 2134 464 2216 pevidae
479 2135 705 2218 nequicquam
716 2135 788 2198 filia
801 2136 900 2199 matri

130 2231 295 2298 Omnibus
309 2241 361 2298 est
375 2237 486 2315 terris,
502 2237 593 2301 omni
607 2237 754 2320 quaesita
767 2235 945 2320 profundo.

128 2335 225 2402 Illam
238 2357 310 2402 nou
324 2339 434 2402 rutilis
448 2340 585 2403 veniens
599 2338 731 2404 Amore
746 2340 880 2422 capillis

129 2435 326 2502 cessantem
341 2439 438 2516 vidit,
453 2433 519 2504 nou
534 2439 732 2522 Hesperus:
755 2440 815 2503 illa
829 2439 960 2504 duabus

127 2537 343 2604 Flammifera
356 2541 454 2624 pinus
468 2541 625 2606 manibus
640 2540 814 2612 succendit
827 2542 870 2605 ab
885 2541 1009 2622 AEtna;

128 2745 279 2796 subtilissima
290 2761 387 2808 queque
397 2761 429 2794 ex
439 2745 481 2794 illo
492 2745 569 2808 primo
578 2747 709 2806 solventur,
727 2744 807 2808 capilli
816 2745 905 2807 ghracr',
923 2750 949 2792 et
957 2745 1061 2802 anuali,
1077 2750 1104 2794 et
1113 2745 1188 2810 ttltoe,
1206 2754 1231 2798 et

127 2813 193 2873 peda
198 2827 208 2869 ,·
224 2826 282 2859 aum
294 2812 353 2858 lecte
362 2815 398 2858 est
410 2809 509 2858 motatio
520 2810 546 2858 r’a
556 2808 741 2872 aquasfrigidas
750 2808 849 2857 artabas
858 2809 979 2858 tenuibus:
996 2808 1025 2857 ab
1036 2807 1083 2867 bis,
1094 2814 1117 2858 el
1127 2812 1232 2874 mrum,

127 2880 149 2923 et
159 2875 260 2934 lameri,
279 2880 303 2923 et
314 2875 399 2933 lutera,
419 2879 443 2922 et
458 2879 554 2937 pectora
569 2874 698 2936 defluentia
716 2873 837 2922 abeatur
854 2873 880 2920 ia
898 2873 994 2921 arbutea
1003 2874 1086 2923 andos.
1119 2875 1231 2938 Denique

128 2953 256 3003 aquaputa
267 2938 354 3013 irrepit
364 2939 389 2987 ia
409 2953 479 2987 ueras
490 2943 612 3002 comptor
626 2953 671 3001 pro
689 2937 742 2986 uico
758 2936 882 2998 magadae,
901 2951 974 2999 :reque
984 2938 1107 2998 quiequam
1122 2944 1230 3000 superea

258 3017 346 3050 soom
364 3017 411 3050 ere.

127 3006 490 3130 &merofilidam
499 3067 534 3115 'ert
544 3064 704 3128 pervestigata
713 3063 819 3112 omrtilrus
827 3063 908 3123 terris,
919 3067 943 3110 et
953 3061 1058 3110 omuibus
1068 3063 1144 3126 aquis,
1154 3080 1169 3112 a
1179 3079 1230 3114 ma·

129 3136 163 3179 tre
173 3133 279 3181 tardato.
313 3131 410 3179 Aurora
419 3132 557 3194 comesturo
567 3129 676 3178 exoriens
690 3127 838 3190 coniecerit
854 3127 920 3175 idom
930 3126 1093 3189 quiescentem,
1111 3143 1157 3178 uos
1172 3127 1238 3178 Ver:

125 3209 223 3258 perego.
258 3197 306 3244 Illo
317 3196 423 3244 accendit
434 3201 533 3258 auoque
548 3208 620 3242 mu
638 3196 713 3243 toedos
731 3192 761 3241 ab
780 3193 857 3241 AEtrra
866 3189 986 3254 ignisne:
1002 3195 1026 3240 et
1036 3191 1109 3242 maia
1124 3193 1231 3256 guerit

592 3331 651 3350 ΟΜΙ
654 3329 770 3350 ΙΙΝΙΝΙ

127 3414 219 3464 omissa
238 3414 423 3478 copulae—tto
440 3413 519 3462 Multi
535 3412 638 3476 flauam
665 3411 717 3460 duo
728 3411 828 3475 fluetus.
853 3411 968 3461 llerolin.
982 3426 1080 3474 pesam
1098 3412 1229 3474 rig—432

127 3478 204 3529 Cant.
215 3479 333 3540 digitique
349 3492 474 3540 marsque
492 3479 627 3552 pede-tit
645 3475 702 3526 Pal.
714 3489 766 3526 sec.
778 3478 804 3525 is
824 3477 1017 3539 liquidae-til
1036 3477 1072 3527 t't.
1084 3484 1112 3526 et
1122 3478 1174 3526 dno
1185 3477 1229 3526 alii

126 3549 259 3606 mgraqw.
276 3541 390 3591 Beroliu.
406 3543 508 3604 larum,
522 3545 669 3603 tergumque,
680 3539 803 3590 tot-sar
821 3542 894 3590 Unus
907 3542 966 3591 Bes.
983 3541 1034 3590 obe.
1052 3542 1161 3600 emenia,
1178 3540 1229 3592 ie.

126 3607 261 3664 mettim
279 3605 405 3670 quomodo
415 3620 454 3669 pr.
465 3606 545 3654 Gron.
556 3619 603 3668 pro
611 3618 666 3653 var.
679 3605 739 3654 lect.
749 3605 810 3655 Juu.
823 3605 1018 3670 Cycneia-440
1030 3605 1121 3654 Rutilia
1130 3605 1228 3655 Tbuaa.

127 3672 202 3723 Cant.
213 3684 255 3734 pr.
265 3669 324 3720 Vat.
336 3678 397 3720 tert.
415 3669 487 3718 Med.
498 3669 608 3732 aliique:
627 3669 696 3732 vulg.
706 3671 847 3718 adia—442
865 3671 955 3720 Heius.
968 3669 1141 3730 Flammifera:
1156 3669 1227 3732 vulg.

126 3735 309 3796 mausum.-
329 3747 370 3798 pr.
382 3733 465 3784 Gran.
481 3733 661 3796 Flammigeru's,
671 3732 726 3783 scil.
741 3733 857 3783 montbar.
874 3735 948 3786 Unus
959 3734 1033 3784 Med.
1043 3736 1075 3782 od
1087 3735 1227 3782 msera-

622 3891 728 3942 NOTAE

155 4021 204 4069 441
222 4017 356 4080 Hesperus]
370 4015 454 4064 Stella
471 4012 582 4063 Veneris
599 4025 657 4062 rer·
697 4011 799 4061 Cereris
820 4011 903 4063 saeris
930 4023 988 4060 curn
1015 4007 1090 4060 taedis
1108 4011 1226 4066 sommis

128 4095 238 4161 pertine,
246 4093 279 4143 de
291 4106 344 4157 qua
347 4093 404 4155 jarn
415 4105 496 4153 sape.
696 4099 744 4150 per
755 4085 832 4136 trirla
842 4084 1013 4152 discurrendi,
1030 4085 1234 4154 Proserplaaar·'

158 4172 207 4226 444
230 4166 369 4232 Succendit]
404 4165 480 4216 Unde
501 4170 529 4216 et
547 4162 611 4214 ritus
629 4161 657 4212 in
696 4169 746 4226 que
757 4159 917 4226 appemtii.
960 4203 962 4208 .
