2886 4774
198 287 287 354 loeti
566 303 598 351 n.
622 297 742 348 cvrnrr
765 293 927 346 ursonis

204 446 313 531 thue
327 463 532 510 recenserem
546 445 698 528 captivos
712 443 828 508 ordine
841 443 967 525 pisces,

201 548 345 630 Insuper
355 547 509 628 expoeui,
524 565 609 629 quos
622 552 681 610 eut
694 546 730 608 in
743 545 827 608 retis
841 561 953 619 ossus,

199 647 270 714 Aut
280 667 343 713 sue
357 647 534 712 credulitas
548 648 585 710 in
599 647 747 711 aduncos
761 650 876 727 egeret
889 644 1016 710 hernon.

200 750 271 814 Res
287 750 404 814 similis
419 749 527 814 fictae:
550 749 626 834 (sed
642 749 724 832 quid
739 749 818 814 mihi
833 749 954 830 fingere
967 744 1107 830 prodest
1117 741 1150 826 t)
1237 743 1308 808 935

200 849 356 919 Gramine
369 855 526 914 contacto
540 850 646 933 coepit
660 869 733 912 rnen
745 849 862 932 proedu
875 839 1012 921 moveri,

201 951 244 1016 Et
258 957 385 1016 mutare
398 952 497 1026 latus,
513 957 677 1034 terraque,
691 955 729 1014 ut
743 951 779 1014 in
794 967 940 1033 aequore,
953 949 1024 1012 niti.

102 1070 107 1081 ·
201 1051 358 1135 Dumque
372 1071 494 1129 moror,
509 1054 675 1135 mirorque
691 1052 802 1127 simul,
817 1050 902 1132 fugit
916 1049 1024 1114 omnis
1038 1049 1073 1112 in
1088 1047 1196 1112 undas

199 1153 315 1219 Turba
329 1173 429 1218 suas:
452 1153 689 1236 dominumque
700 1172 824 1217 novum
838 1152 994 1234 littusque
1008 1149 1203 1233 relinquunt.

200 1252 388 1338 Obstupui:
412 1254 598 1338 dubiusque
611 1255 680 1332 diu,
694 1271 770 1337 quoe
785 1271 902 1330 causa,
916 1252 1072 1334 requiro:
1238 1247 1307 1312 940

201 1353 295 1422 Num
314 1354 403 1418 Deus
417 1355 480 1418 hoc
495 1355 631 1437 aliquio,
643 1375 720 1420 nuru
736 1373 859 1418 succus
874 1353 990 1418 feeerit
1003 1351 1129 1416 herbae.

202 1453 288 1533 Quae
305 1461 415 1520 temen
428 1457 501 1533 hes,
516 1456 665 1539 inquom,
679 1457 767 1520 vires
781 1453 882 1520 hebet
896 1455 1019 1518 habui
1042 1469 1209 1534 manuque

200 1555 336 1622 Pabula
351 1557 518 1640 decerpsi,
533 1557 755 1640 decerptaque
768 1556 863 1628 dente
876 1553 1052 1618 momordi.

200 1657 273 1722 Vix
288 1659 371 1722 bene
387 1661 617 1722 combiberunt
630 1659 763 1738 ignotos
777 1661 908 1738 guttura
920 1673 1059 1720 succos:
1303 1722 1305 1725 .

202 1758 287 1823 Cum
303 1759 413 1822 subito
428 1759 596 1841 trepidare
610 1759 698 1820 intus
712 1755 902 1840 praecordiu
915 1756 1028 1834 sensi;
1241 1751 1308 1820 945

201 1859 416 1941 Alteriusque
430 1859 505 1943 rapi
519 1862 645 1923 naturae
661 1865 779 1941 pectus
795 1876 920 1922 amore.

202 1957 278 2024 Nec
293 1961 391 2043 potui
404 1967 527 2024 restore
541 1961 636 2026 loeo:
660 1960 923 2043 Repetendeque
936 1975 1105 2040 nunquam

200 2061 316 2139 Terre,
330 2063 418 2137 vele,
434 2061 518 2140 dixi,
534 2079 723 2145 corpusque
739 2063 800 2125 sub
817 2080 953 2144 aequora
966 2060 1077 2124 mersi.

204 2163 250 2228 Di
265 2163 367 2226 meris
381 2167 561 2244 exceptum
576 2163 671 2228 socio
683 2162 854 2243 dignentur
865 2162 1010 2224 honore:

203 2263 317 2346 thue
331 2263 422 2340 mihi,
438 2281 659 2346 quaecumque
672 2262 789 2340 serem,
801 2263 954 2326 mortalia
967 2262 1112 2340 dement,
1243 2262 1308 2327 950

203 2501 282 2568 Atque
292 2507 320 2552 ut
328 2517 476 2552 nuurerureru
490 2501 628 2564 singulatim
642 2501 719 2565 pisces
726 2507 815 2564 coptos,
826 2503 920 2565 lumper
927 2502 1023 2564 exposui
1030 2517 1085 2565 quor
1095 2499 1196 2562 eutfcrr
1207 2503 1309 2555 dmffut

203 2570 229 2616 itt
239 2567 311 2629 retu,
329 2573 372 2616 uut
382 2583 425 2615 utu
436 2569 560 2616 credulitas
570 2567 596 2615 iu
606 2581 689 2614 curuos
700 2565 787 2616 Minor.
822 2567 870 2614 Res
886 2565 970 2614 similis
980 2565 1068 2627 sulse:
1085 2582 1167 2614 cmm
1184 2567 1242 2629 quid
1259 2581 1310 2614 meu

202 2629 277 2690 refert
282 2627 391 2690 follere?
423 2629 507 2678 Herba
525 2635 693 2678 quaeremur
708 2631 871 2694 proedueoepit
890 2633 986 2691 moueri,
1000 2633 1068 2693 utque
1084 2631 1310 2690 exsilireiuluteru,

202 2700 227 2742 et
236 2693 322 2742 muare
332 2694 358 2742 iu
369 2699 435 2744 terro
446 2694 507 2742 sicut
518 2693 544 2741 iu
559 2693 629 2742 muri.
663 2693 772 2755 Dumque
784 2710 875 2756 mereo,
885 2701 907 2742 et
922 2695 992 2744 simut
1002 2701 1090 2758 stupeo,
1101 2695 1175 2744 omnir
1185 2695 1309 2742 multitudo

200 2759 335 2821 prorumpit
351 2759 377 2806 in
395 2773 467 2820 equus
487 2773 550 2818 suus,
565 2764 635 2820 utque
652 2759 762 2806 deserunt
773 2774 858 2806 uocum
873 2759 990 2806 domicum
999 2775 1051 2808 cum
1062 2758 1149 2806 littore.
1185 2757 1310 2820 Obstupui,

203 2827 272 2886 utque
283 2822 326 2872 diu
337 2822 440 2871 incertus
450 2825 565 2886 perpendo
573 2837 624 2884 qure
633 2836 722 2880 euuru5
733 2837 788 2870 num
800 2821 866 2870 Deus
876 2823 969 2884 uliquis,
978 2838 1032 2871 num
1046 2838 1126 2872 eructu
1140 2821 1259 2884 geminis
1269 2817 1309 2870 luc

199 2887 351 2951 prostiterit.
375 2888 444 2942 Quod
455 2891 649 2946 numennumen,
660 2887 850 2949 resipueritis
865 2884 974 2935 uiribus?
990 2891 1058 2948 utque
1069 2888 1149 2935 recelli
1163 2887 1247 2934 ledus
1261 2902 1308 2934 mu-

204 2955 281 3012 ru‚·et
292 2953 361 2999 dente
372 2951 485 2998 monurdi
496 2951 606 2998 reuulsus.
644 2951 692 3000 Vter
704 2950 788 3010 fauces
802 2951 861 2998 rutis
871 2952 1053 3010 degustaverunt
1069 2965 1147 2998 urceos
1167 2951 1309 3012 inexpertos,

203 3030 255 3064 curn
265 3015 347 3062 rtrtirs
357 3015 420 3063 sensi
431 3015 519 3062 uterere
530 3015 596 3063 intur
606 3015 688 3074 entire,
708 3019 732 3062 rt
750 3025 790 3060 cor
808 3013 877 3074 tongi
888 3027 966 3062 umore
983 3014 1081 3062 ulterius
1091 3019 1191 3062 sutum.
1229 3015 1310 3076 Neque

201 3079 270 3142 pont
279 3079 403 3128 mrtem
413 3078 439 3125 in
450 3079 593 3140 uectatque
604 3079 667 3137 dixi,
680 3078 764 3141 Tellus,
773 3093 889 3140 mquam
894 3081 1009 3139 admodo,
1019 3079 1071 3126 oute
1080 3093 1089 3133 ,·
1099 3085 1122 3126 et
1130 3078 1218 3126 immisi
1228 3091 1310 3141 corpur

203 3141 248 3191 sut
258 3142 341 3192 mortu.
374 3141 421 3191 Dii
429 3142 502 3190 muris
510 3144 620 3192 decom
630 3147 752 3204 exceptum
762 3143 848 3190 doum
856 3143 969 3190 communi
978 3157 986 3190 .·
1002 3147 1025 3190 et
1033 3147 1102 3190 went
1112 3143 1231 3190 Oceanum
1238 3147 1309 3204 utque

206 3206 297 3270 utuiqe
315 3212 343 3255 st
351 3206 413 3255 nitri
422 3205 532 3266 urserat
542 3206 621 3255 metu
636 3221 689 3270 qua
698 3207 795 3256 dudm
813 3207 885 3255 curti
895 3207 1002 3254 edituris.
1036 3207 1091 3267 Ego
1100 3221 1190 3268 purgor
1204 3206 1235 3254 ut
1245 3205 1295 3254 utu
1300 3221 1311 3262 ,-

666 3312 844 3352 “uulnera

121 3479 126 3488 .
205 3441 284 3488 -utl
296 3437 350 3488 Alii
360 3439 403 3488 lin.
413 3440 534 3488 mutin
541 3441 682 3490 rure-98⁸
691 3440 760 3489 Mor.
773 3447 800 3490 et
809 3439 841 3489 Α.
859 3442 974 3503 Desuper.
992 3438 1101 3488 Plurimi
1113 3439 1192 3488 etism
1203 3439 1310 3502 imposui.

205 3507 286 3554 -936
304 3503 350 3552 Pr.
370 3503 481 3551 strom
495 3504 624 3552 Gramineo
636 3509 701 3552 tuctu
711 3509 850 3566 corpe-⁹37
870 3505 959 3554 Heius.
971 3504 1072 3566 recepit
1082 3509 1177 3552 mutere
1188 3519 1221 3552 ex
1234 3504 1271 3554 ul.
1281 3505 1308 3554 S.

205 3566 300 3630 Murci,
312 3565 347 3616 N.
358 3573 420 3615 tert.
432 3573 460 3614 et
469 3573 552 3630 quart.
561 3566 633 3616 Med.
646 3568 680 3616 0.
693 3582 732 3630 pr.
744 3569 810 3616 Mor.
821 3566 921 3617 Arnnd.
933 3568 1041 3630 aliisque
1054 3567 1171 3630 plurimis
1182 3581 1231 3629 pro
1241 3569 1307 3631 vulg.

204 3635 382 3681 recture-989
396 3631 447 3680 Pro
456 3645 540 3678 norum
549 3637 658 3696 quatuor
667 3631 728 3679 libri
738 3647 813 3680 mum.
825 3631 898 3679 Leid.
906 3632 997 3696 litturq.
1014 3633 1134 3680 revolvunt
1141 3647 1150 3687 ,·
1161 3631 1307 3682 octodecim

206 3696 318 3758 relinquit
328 3712 338 3752 ,·
358 3702 417 3743 octo
426 3696 612 3758 reliquu-uro
629 3695 708 3758 Vulg.
718 3695 843 3758 dubitoque
854 3695 895 3744 dtu
906 3710 1043 3758 crurumque
1051 3711 1101 3758 req.
1136 3695 1167 3742 ln
1175 3697 1208 3745 V.
1217 3703 1244 3744 et
1256 3696 1309 3760 qui·

206 3759 315 3808 busdam
325 3757 424 3808 ciofan.
441 3759 547 3822 dudiurq.
559 3759 617 3818 fui:
635 3759 689 3808 doo'
701 3760 825 3824 dubitoque
839 3761 914 3822 prius,
934 3768 961 3808 et
970 3760 1037 3808 Mor.
1047 3760 1125 3808 simul.
1139 3759 1230 3808 Heius.
1242 3761 1307 3823 conj.

209 3821 277 3872 otu.
288 3821 416 3887 subitaeque
426 3823 462 3870 ret
473 3839 524 3886 quoe
535 3837 604 3872 ceusu
620 3824 733 3886 requiro,-
757 3824 797 3873 vel
816 3823 952 3887 dubiusque,
960 3821 1032 3884 fuge
1046 3839 1098 3886 quoe
1114 3839 1185 3872 ceusu
1203 3828 1305 3873 r.-tlll

208 3887 391 3949 Castigatiores
402 3887 458 3943 lum
475 3887 545 3948 vulg.
557 3887 615 3935 true.
634 3887 739 3936 Deinde
751 3889 777 3936 in
798 3901 849 3936 uno
869 3887 969 3936 Cioian.
990 3901 1020 3936 uc
1041 3887 1141 3936 duobus
1152 3887 1186 3936 V.
1200 3903 1232 3936 un
1247 3885 1310 3936 succ(

207 3955 288 4000 —042
305 3949 350 3999 Pr.
361 3952 474 4000 strozzae
485 3959 513 4000 et
524 3953 637 4015 quinque
649 3952 692 4000 ulii
712 3953 779 4008 Ques
790 3958 847 4000 tum.
866 3952 915 4000 dec
932 3952 1064 4014 inq-9⁴4
1082 3954 1142 4001 Duo
1154 3951 1223 4000 Med.
1235 3952 1307 4001 comt.

206 4013 456 4073 &nunquit—945
474 4016 533 4064 Bas.
545 4025 572 4064 et
584 4017 650 4065 alius
662 4022 801 4078 trep.rutur
817 4030 890 4078 proec.
904 4016 995 4064 Heius.
1014 4015 1081 4078 conj.
1101 4021 1171 4065 metu.
1204 4015 1307 4064 Deinde

208 4081 269 4148 tqrt.
281 4077 381 4132 Boron.
393 4094 444 4126 orec
451 4085 545 4141 pedus
555 4085 697 4130 σιω-947
714 4080 777 4128 Loco
788 4080 860 4130 dedit
870 4079 961 4128 Heius.
972 4094 1005 4127 cx
1018 4087 1079 4128 tert.
1089 4079 1162 4128 Med.
1174 4093 1222 4141 pro
1239 4081 1307 4142 vulg.
1419 4139 1420 4142 Ἴ

207 4139 342 4188 dtu-9⁴8
358 4142 509 4208 AEquoruex
529 4143 692 4210 melioriburq
719 4144 789 4208 vulg.
805 4147 988 4206 equore-949
1005 4143 1103 4202 Decem
1122 4143 1181 4196 libri
1201 4140 1309 4198 munuc.
