2838 4774
425 303 781 352 unruucnenosnou
806 304 881 354 nro.
906 305 946 354 x.
1146 287 1233 354 titt

139 445 346 525 ArbutuS„et
359 447 469 522 lentae,
480 446 615 511 victoris
630 446 781 529 proemia,
796 447 939 530 pulsnm:

134 543 180 613 Et
192 549 367 614 succincta
379 547 507 627 comas,
521 549 711 631 trusumque
726 549 970 634 vertimpinus,

134 647 243 714 Grata
257 651 369 714 Deum
383 651 497 715 matri:
520 651 686 734 siquidem
699 650 879 734 Cybeleius
894 650 988 716 Attis

135 749 240 815 Exuit
254 751 317 816 hac
332 753 518 834 hominem3
541 757 723 836 truncoque
737 753 880 818 induruit
893 754 963 819 illo.
1169 751 1233 816 tuo

321 1081 412 1146 Fun.
436 1079 507 1146 III.
551 1079 754 1165 Cyparissus
767 1081 803 1145 in
818 1079 1037 1165 Cupressum.

131 1246 302 1296 Cununissns
314 1244 433 1309 Amyclei
449 1245 516 1296 filius
528 1261 563 1302 ex
577 1246 663 1297 insula
680 1247 750 1297 Cea:
766 1246 835 1298 huno
849 1245 947 1320 Apollo
963 1245 1069 1307 dilexit;
1085 1251 1113 1296 et
1124 1252 1233 1309 propter

161 1339 267 1376 cerrum
278 1327 422 1390 patientem
432 1342 532 1390 manus,
542 1341 619 1392 quem
636 1341 684 1392 per
701 1325 904 1390 imprudentiam
922 1325 1016 1390 sagitte
1032 1323 1182 1375 transfixum
1194 1325 1232 1373 in·

161 1413 314 1469 teremerat,
329 1421 419 1456 manus
436 1423 493 1457 rues
510 1405 661 1458 afferentem
679 1407 737 1470 sibi,
757 1407 873 1472 periculo
892 1405 1005 1470 eripuit:
1023 1413 1050 1471 et
1067 1403 1186 1469 protinus
1205 1404 1230 1452 io

159 1485 281 1536 arborem
290 1486 329 1535 sui
341 1487 450 1538 nominis
460 1488 548 1537 vertit.

127 1613 290 1706 Annuit*
305 1643 384 1708 huic
397 1645 515 1720 turbae,
529 1649 634 1708 metas
648 1643 789 1721 imitata,
805 1662 994 1726 cupressus,

127 1741 230 1806 Nunc
245 1745 353 1821 arbor,
369 1763 450 1827 puer
464 1750 540 1826 ante
556 1743 632 1808 Deo
647 1743 787 1808 dilectus
801 1743 845 1808 ab
859 1744 930 1822 illo,

130 1843 200 1922 Qui
215 1846 380 1910 citharam
394 1847 512 1924 nervis,
528 1850 562 1908 et
575 1845 684 1908 nervis
699 1849 860 1928 temperat
874 1862 986 1910 arcuo.

105 2022 118 2032 “
125 2031 150 2078 et
159 2027 345 2090 polmoeflexa'lee
352 2027 450 2090 memte
460 2027 565 2088 uictoris,
575 2031 599 2076 et
607 2027 678 2090 pirrus
685 2025 802 2074 succincte
810 2039 895 2084 comos,
904 2029 976 2088 atque
984 1999 1077 2086 bispida
1088 2024 1113 2072 ia
1118 2023 1233 2086 fastigio,

122 2093 220 2166 plosores
230 2093 303 2140 matri
314 2091 437 2150 Deonem;
454 2091 567 2156 siquidem
576 2091 646 2140 Attis
662 2088 785 2154 Cybeleius
800 2087 914 2152 spoliatus
930 2093 965 2136 est
977 2089 1020 2136 boc
1030 2086 1130 2146 breuius,
1139 2092 1164 2137 et
1173 2089 1232 2137 dira·-

122 2157 352 2282 wllrtulfutplululus
361 2219 461 2282 specim
477 2219 588 2268 retusus
604 2217 765 2281 pyramidum,
780 2231 841 2264 auur
851 2215 930 2279 orbor,
942 2215 1012 2278 prius
1027 2230 1086 2280 puer
1097 2220 1190 2264 amotus
1201 2215 1231 2283 ub

122 2281 165 2333 uu
179 2285 233 2332 Deo
245 2284 286 2347 qui
296 2285 387 2333 modum
399 2283 463 2344 fucit
480 2283 578 2332 ct'tboroe
594 2281 682 2344 uersis,
699 2286 722 2329 et
733 2281 836 2330 modum
847 2278 913 2329 facit
930 2281 997 2330 ursui
1008 2281 1093 2344 uersis,
1099 2278 1151 2340 fuit
1162 2293 1193 2328 es
1203 2293 1231 2329 so

589 2405 766 2428 eruoomen

124 2493 207 2544 tutius
222 2508 285 2556 potu.
295 2499 410 2554 generato
420 2493 565 2544 rub—1⁰4.
578 2496 625 2542 1⁰5
642 2492 704 2542 Tau.
715 2489 801 2541 Faber
810 2489 884 2554 legit,
902 2487 1023 2553 Cybeleius
1039 2487 1232 2541 otim...iuduruit
1275 2491 1276 2498 ’

122 2557 198 2620 Atys,
213 2557 328 2620 quiahoc
341 2564 369 2606 et
378 2559 419 2606 tlte
429 2559 456 2606 in
468 2557 559 2608 eodem
571 2571 609 2606 vs.
624 2555 776 2608 inusitatum
787 2553 899 2604 videtur.
931 2553 985 2604 Sed
994 2555 1083 2603 Burm.
1095 2561 1191 2618 mouet,
1202 2563 1231 2607 et

122 2621 188 2669 alibi
200 2623 256 2670 baec
267 2621 318 2670 duo
330 2623 485 2686 pronomina
500 2621 634 2672 cumulari.
668 2618 776 2670 Bothius
791 2626 878 2668 tamen
895 2633 943 2682 pro
953 2619 994 2668 illo
1004 2619 1078 2668 malit
1088 2619 1146 2668 olto.
1179 2617 1231 2670 Be·

122 2685 202 2734 rolin.
219 2699 282 2736 vero
294 2701 342 2750 pro
351 2687 395 2736 ltoc
405 2686 485 2736 habet
495 2689 612 2737 (ια-106
629 2685 703 2734 Unus
714 2685 775 2735 Bes.
785 2684 840 2734 uuio
850 2698 952 2733 numera.
986 2683 1059 2734 Leid.
1077 2685 1154 2741 luctus
1166 2683 1230 2736 imit.

624 2813 730 2864 NOTIE

120 2923 215 2989 speeie
226 2929 313 2974 tamen
324 2923 439 2975 fraxinus
450 2927 593 2990 sylvestris.
731 2928 779 2973 106
796 2920 888 2986 Metus]
926 2923 1060 2987 Ejusmodi
1087 2923 1229 2974 etiamnum

158 3000 318 3063 titulentur]
343 3001 454 3052 Flexiles
471 3001 590 3065 equidem
604 3001 658 3064 pal·
697 2998 776 3048 hodie
797 2999 961 3064 pyramidem
988 2999 1072 3049 forma
1100 3000 1127 3049 in
1148 3001 1230 3052 bortis

120 3091 174 3128 snae
192 3076 266 3138 rami,
285 3077 486 3126 attemenoneri
505 3075 598 3126 cedere
614 3090 658 3126 ne·
699 3076 880 3139 conspicimus.
1231 3137 1234 3148 Χ

121 3154 185 3204 scii:
197 3153 267 3202 unde
279 3159 305 3203 et
317 3154 457 3204 victoribus
467 3152 570 3203 honoris
581 3167 658 3203 cause
732 3157 779 3202 1⁰⁷
797 3154 868 3202 Nunc
885 3152 966 3216 orbor]
994 3153 1055 3202 Fuit
1075 3152 1229 3218 Cyparissus

120 3229 314 3282 tribuebantur.
698 3247 764 3298 puer
775 3230 979 3295 formosissimus,
997 3230 1113 3296 Apollini
1132 3237 1230 3294 gratus,

158 3311 206 3356 lot
224 3304 360 3366 mecedo]
375 3306 444 3358 Quia
455 3305 481 3353 in
492 3307 591 3355 vertice
601 3310 657 3354 tan·
699 3309 743 3374 qui
759 3323 875 3370 cervum,
896 3323 972 3373 quem
990 3308 1017 3357 in
1036 3307 1136 3356 deliciis
1152 3306 1230 3358 habe·

120 3389 180 3436 tum
193 3381 299 3431 frondes
310 3383 385 3445 pinus
398 3382 503 3432 emittit.
697 3385 751 3446 bat,
762 3399 820 3434 cum
836 3384 986 3448 imprudens
996 3384 1143 3444 occidisset,
1155 3389 1229 3434 tanto

157 3463 205 3508 tot
222 3459 302 3508 Deum
317 3459 402 3522 matrs]
419 3459 483 3509 Quor
496 3459 594 3522 Cybele
606 3464 657 3520 est,
697 3468 736 3509 est
749 3459 859 3511 affectus
878 3463 976 3524 dolore,
991 3468 1021 3511 ut
1039 3461 1104 3510 mori
1123 3460 1226 3510 omnino

121 3549 172 3586 seu
184 3533 268 3596 Rhea,
286 3535 402 3598 plurimis
414 3534 526 3600 itemque
540 3535 596 3584 ulils
613 3549 656 3602 no·
696 3538 793 3600 vellet5
809 3540 973 3603 quamobrem
986 3540 1011 3588 in
1025 3553 1176 3602 cupressum
1194 3535 1226 3586 ab

52 3613 56 3621 '
119 3610 234 3661 minibus
246 3611 378 3672 insignita.
695 3613 817 3678 Apolline
833 3623 955 3664 mutatus.
989 3617 1053 3666 Qum
1071 3613 1175 3679 quidem
1187 3609 1226 3662 ie·

154 3687 236 3749 Attis]
253 3687 306 3738 Qui
318 3701 382 3749 puer
396 3673 495 3750 cubela
514 3687 655 3750 adamatus,
695 3691 756 3738 bula
766 3691 831 3739 levis
843 3699 884 3739 est
892 3692 1024 3753 momenti,
1036 3697 1063 3739 et
1075 3689 1164 3738 allusio
1182 3700 1243 3736 no·¹

119 3763 255 3826 sacrisque
272 3763 325 3811 euis
335 3777 366 3811 ea
377 3763 435 3827 lege
448 3764 610 3828 prepositus,
624 3770 656 3813 ut
694 3766 780 3826 minis,
792 3766 861 3828 quud
877 3766 972 3814 Graece
992 3779 1073 3828 puero
1093 3770 1121 3813 et
1138 3762 1226 3812 arbori

121 3841 271 3892 castitatem
290 3847 416 3901 servaret,
435 3855 493 3890 cum
510 3837 536 3888 in
553 3839 655 3903 Sagari·
694 3840 763 3890 idem
775 3849 833 3900 est;
850 3841 898 3888 uisi
911 3839 979 3889 sorte
996 3838 1056 3904 quie
1072 3839 1226 3902 Cyparissus

121 3917 194 3968 tbide
204 3917 328 3980 Nympha
345 3922 488 3980 peccasset,
500 3917 526 3964 in
538 3915 654 3966 furorem
694 3919 786 3984 doctus
796 3917 854 3982 fuit,
865 3918 936 3967 illum
950 3918 1008 3969 ideo
1020 3919 1079 3966 Deo
1090 3923 1226 3978 acceptum

122 4008 212 4054 venus
231 4007 288 4042 ωδε
307 3990 434 4041 exsecuit.
475 3991 529 4041 Sibi
550 3993 653 4056 insuper
694 3996 844 4058 credideris,
856 4011 965 4060 uanique
977 3994 1228 4062 Deioognitioamo·

122 4069 478 4133 manceriolentasparabat3
491 4083 580 4119 verum
588 4069 669 4120 nee<
693 4087 748 4124 rem
767 4080 885 4122 mutuum
904 4071 982 4136 parit.
1015 4071 1074 4121 Nec
1089 4070 1127 4120 ita
1141 4071 1226 4138 Cypa-

123 4146 288 4197 miseratione
299 4147 325 4196 in
336 4147 425 4210 pinum
437 4153 560 4198 mutatus.
668 4195 671 4206 ,
692 4135 751 4200 risui
759 4147 901 4212 incongrua
910 4147 961 4197 erit
970 4147 1186 4214 Metamorphosis
1197 4150 1225 4200 iu
