2866 4772
410 369 947 430 nsunnonbnosuouma.x1.
1081 393 1083 400 ¹
1142 361 1228 430 1000

126 517 208 582 Hoc
219 522 300 596 erat,
313 519 377 584 boe
392 513 504 584 animo
517 519 609 604 quod
625 520 795 586 divinante
809 524 964 588 timebam
977 543 986 603 3

126 616 174 682 Et
188 639 240 697 ne,
256 639 309 683 me
322 619 462 702 fugiens,
476 629 595 687 ventas
610 639 783 706 sequerere
797 627 979 706 rogabami
1162 626 1228 691 600

122 719 177 785 At
191 725 279 784 certe
292 721 423 799 vellem,
439 722 596 804 quoniam
612 726 776 806 periturus
791 727 919 804 abibas,

125 819 188 885 Me
204 842 339 906 quoque
354 824 525 888 duxisses,
571 825 699 890 Tecum
712 826 775 889 suit
789 827 885 903 utile,
902 833 1012 890 tecum

123 921 181 988 Ire
195 924 285 987 mibi.
334 923 455 1007 Neque
470 927 557 990 enim
574 927 616 992 de
632 925 712 992 vita:
729 933 878 1009 tempore
893 928 1076 1010 quicquam

123 1023 206 1088 Nan
222 1027 320 1090 simul
335 1029 498 1108 egissem:
519 1047 582 1092 nec
596 1036 687 1094 mors
698 1028 843 1092 discrete
856 1029 984 1092 fuisset.

123 1124 227 1189 Nunc
243 1129 360 1192 absens
375 1145 490 1211 pereo,
500 1132 609 1216 jactor
623 1148 711 1194 nune
722 1131 880 1194 fluctibus
897 1131 1035 1195 absens:
1160 1131 1226 1197 700

123 1226 181 1304 Et,
198 1229 270 1292 sine
285 1249 349 1307 me,
365 1251 417 1294 me
432 1239 555 1314 pontus
569 1235 678 1296 habet.
703 1232 897 1306 „Crudelior
909 1234 984 1316 ips‘o

117 1325 177 1393 Sit
191 1331 271 1394 mihi
285 1351 377 1395 mens
393 1335 522 1417 pelago,
538 1337 567 1398 si
581 1335 685 1400 vitam
699 1336 818 1399 ducere
830 1337 915 1398 nitar

120 1429 284 1512 Longius,
299 1439 332 1497 et
346 1439 437 1499 tanto
453 1431 603 1519 pugnem
612 1457 786 1520 superesse
801 1437 915 1500 dolori.

17 1547 22 1554 ·
121 1530 193 1594 Sed
203 1535 316 1616 'neque
330 1537 504 1617 pugnabo:
525 1555 589 1601 nee
605 1543 646 1614 te,
662 1537 857 1614 miserande,
872 1537 1080 1620 relinquam:

120 1631 167 1696 Et
181 1633 244 1698 tibi
257 1650 343 1699 nunc
357 1637 474 1700 saitem
488 1638 619 1702 veniam
634 1658 765 1703 comes:
789 1639 889 1720 inque
905 1640 1071 1721 sepulcro,
1145 1639 1224 1702 Ι700

121 1733 161 1800 Si
176 1753 244 1798 non
257 1755 349 1815 urna,
362 1743 471 1801 tamen
480 1738 595 1822 junget
607 1760 668 1805 nos
682 1740 801 1805 litera:
824 1741 853 1804 si
867 1759 933 1804 non

121 1830 270 1900 Ossibus
285 1857 367 1902 ossa
379 1841 474 1916 meis,
490 1845 527 1904 ut
536 1860 656 1904 nomen
669 1842 800 1905 nomine
815 1847 963 1922 tangam.

123 1935 231 2002 Plura
246 1939 342 2002 detor
352 1940 525 2022 prohibet3
548 1941 717 2025 verboque
732 1942 911 2005 intervenit
925 1941 1016 2003 omni

121 2037 289 2120 Plangor:
311 2046 343 2105 et
358 2043 499 2105 attonito
515 2045 654 2124 gemitus
669 2062 688 2106 e
703 2041 804 2106 eorde
819 2043 998 2106 trahuntur.

120 2139 226 2204 Mane
240 2149 331 2206 erat:
353 2143 517 2224 egreditur
532 2145 633 2208 tectis
650 2145 691 2207 ad
705 2145 821 2208 littus:
844 2142 985 2206 etillum
1159 2141 1223 2205 710

120 2241 251 2307 Moesta
264 2243 374 2307 locum
387 2246 517 2327 repetit,
533 2245 576 2308 de
592 2263 660 2328 quo
675 2249 842 2327 spectarat
856 2246 996 2306 euntem.

118 2403 184 2460 erat,
196 2399 238 2448 dee
249 2403 310 2464 quad
320 2401 449 2450 metuebam
460 2407 536 2450 mente
553 2417 676 2464 praesaga:
692 2406 763 2464 atque
781 2401 876 2451 arabum
886 2400 919 2450 ue'
927 2398 1027 2460 fugiens
1037 2413 1074 2447 me
1085 2403 1107 2448 te
1118 2399 1224 2448 eredere:

117 2462 215 2514 ventis?
230 2465 266 2514 At
276 2471 337 2514 uerte
348 2470 460 2529 aptarem,
471 2465 586 2530 siquidem
594 2466 726 2516 discedebas
736 2466 884 2525 interiturus,
895 2479 931 2514 me
941 2465 1012 2514 etium
1023 2463 1135 2512 duubem.
1159 2463 1226 2512 Mitt

118 2527 263 2588 bunumfuit
274 2535 358 2590 tecum,
379 2535 455 2578 tecum
470 2531 596 2594 prqieiscu'.
631 2529 712 2593 Neque
728 2531 790 2580 enim
801 2530 921 2594 quiequam
932 2543 1034 2588 000000
1044 2526 1224 2578 transmisissem

117 2593 147 2640 de
158 2595 264 2654 tempore
282 2595 338 2642 m'toe
346 2609 356 2651 ,·
373 2608 445 2656 neque
463 2609 525 2642 mere
536 2593 626 2654 suisset
642 2595 734 2644 diuisa:
756 2611 817 2644 nuuc
835 2599 924 2644 remota
940 2595 1038 2655 interea,
1056 2607 1117 2642 nunc
1131 2597 1224 2642 remota

116 2655 200 2718 agitur
210 2657 295 2714 undis:
311 2664 335 2706 et
346 2673 411 2706 mure
421 2673 457 2707 me
467 2657 535 2708 babet
545 2659 595 2710 siae
606 2673 649 2707 me.
683 2661 754 2709 Meus
769 2657 861 2710 unimus
876 2659 908 2708 sit
919 2658 979 2708 mitt
993 2657 1080 2707 ’000ίο0
1088 2656 1140 2722 ipsa
1154 2659 1224 2720 mari,

117 2721 139 2768 si
151 2721 246 2782 cupiam
257 2722 335 2771 uiuere
353 2721 449 2784 diutius,
468 2729 491 2772 et
509 2738 577 2773 coner
595 2738 714 2788 superesse
731 2729 796 2774 tutata
815 2723 900 2773 daturi.
938 2723 1104 2786 Vetumneque
1115 2721 1225 2785 0000000,
1281 2746 1284 2751 -

117 2799 193 2846 neque
206 2789 229 2832 te
239 2785 374 2848 destituam,
383 2785 505 2849 deflende,-
522 2793 545 2836 et
557 2789 638 2838 saltem
653 2804 714 2838 nuuc
726 2795 750 2837 te
760 2789 901 2838 comitabar:
918 2792 987 2850 atque
997 2787 1023 2834 in
1033 2787 1122 2834 tumulo
1133 2789 1224 2834 diurna

117 2863 165 2896 nun
177 2849 267 2912 copulet
278 2866 329 2912 aas,
348 2855 452 2898 attamen
470 2852 614 2914 epitaphium
632 2852 658 2900 id
670 2851 821 2915 prestabit:
839 2855 917 2901 sinan
927 2856 1024 2910 tangam
1034 2865 1087 2897 assa
1099 2849 1223 2898 000000001-

117 2911 172 2971 bus,
183 2919 209 2961 ut
226 2920 329 2976 tangam
341 2929 423 2962 numen
439 2915 539 2963 numine.
573 2915 664 2964 Maeror
674 2917 750 2964 adstat
764 2915 881 2978 pluribus,
892 2919 916 2962 et
925 2927 950 2961 ee
965 2912 1066 2975 pereutit
1076 2913 1108 2960 ad
1117 2913 1223 2972 singulas

35 3001 37 3008 v
116 2990 204 3026 uoces:
220 2983 244 3026 et
258 2977 362 3038 gemitus
372 2981 489 3026 ducuntur
500 2995 512 3027 e
522 2979 590 3028 sarde
605 2977 743 3042 stupefacta.
776 2979 934 3034 Mune-erut:
949 2978 1015 3024 duma
1024 2975 1180 3040 proficiscitur
1191 2977 1222 3026 ud

118 3041 199 3104 littus,
210 3045 232 3090 et
241 3043 320 3091 tristis
330 3045 392 3092 redit
403 3043 433 3092 ad
442 3043 509 3092 idum
520 3043 601 3106 lacum,
608 3044 638 3092 de
648 3058 692 3107 que
703 3043 791 3093 iutuitu
803 3047 854 3092 erat
860 3042 1033 3116 discedentem:
1044 3043 1114 3102 atque
1123 3041 1178 3088 dum
1187 3041 1223 3088 u'n-

580 3157 728 3177 ΙΙΙΙΙΙΙΙΙ
730 3158 759 3176 Ν

117 3219 201 3264 -095
219 3216 333 3267 Berolin.
344 3233 381 3267 me
394 3217 503 3279 firgeres,
513 3221 657 3268 nent-696
673 3217 752 3266 Multi
763 3232 831 3282 quun.
843 3217 971 3266 mariturus
981 3215 1126 3266 abd-uer
1143 3215 1222 3328 vulp.

117 3279 212 3328 dumus.
221 3279 274 3340 fuit
285 3282 317 3329 ud
328 3281 381 3341 fuit
393 3283 446 3330 utet.
464 3290 490 3330 et
503 3282 592 3331 decem
604 3281 695 3345 scripti
707 3281 761 3341 fuit
769 3279 859 3341 afuit:
875 3282 915 3329 Fi.
927 3281 953 3330 S.
966 3281 1060 3343 Murci,
1072 3284 1099 3329 et
1111 3279 1162 3329 dno
1179 3293 1194 3329 a
1214 3277 1223 3328 i

116 3344 220 3392 muttum
235 3343 307 3403 fuit:
322 3347 451 3408 Bernegg.
471 3346 594 3422 quosdam:
614 3353 725 3395 nostran:
747 3347 806 3418 leet.
830 3343 921 3422 Heius.
934 3345 1053 3459 protulit
1073 3360 1107 3395 ex
1129 3343 1164 3394 N.
1182 3359 1222 3409 pr.

117 3407 193 3456 Med.
205 3414 233 3456 et
244 3408 387 3474 Hambnrg.
401 3418 428 3459 et
438 3424 483 3458 sex
496 3409 642 3460 alna—⁷00
659 3411 733 3459 Perea
743 3415 782 3460 est
792 3425 824 3459 ex
833 3410 925 3459 Usbrn.
956 3411 1082 3474 beaupr.
1093 3407 1173 3459 Gran.
1195 3415 1223 3459 et

118 3473 191 3522 Mor.
209 3479 319 3537 utroque
332 3473 430 3523 Erfnrt.
447 3475 542 3523 statiis
562 3489 617 3522 com
639 3473 751 3535 turribus:
780 3475 847 3538 vuig.
869 3475 938 3538 perii.
961 3475 1127 3524 Numestium
1150 3473 1224 3524 dedit
1320 3481 1325 3485 “

119 3537 213 3587 Heius.
232 3550 264 3585 ex
287 3551 337 3586 nno
358 3532 592 3602 su0'3a1iiquuque·
638 3539 731 3591 eideib.
752 3538 894 3601 dehabet,
916 3539 981 3595 Qum
1001 3539 1050 3588 ads.
1071 3539 1223 3604 pertimeat.

116 3615 187 3665 quoq.
206 3601 431 3664 fl.-701Heins.
452 3603 568 3652 restitnit
592 3613 629 3652 me
654 3617 708 3662 me,-
725 3605 795 3667 vulg.
812 3619 848 3653 me
865 3609 906 3654 te:
924 3604 992 3667 conj.
1020 3613 1149 3667 praeterea
1170 3604 1223 3651 Nee

117 3666 171 3714 sine
187 3679 223 3712 me
242 3669 357 3715 ta-w2
374 3667 406 3715 ln
423 3681 473 3717 uno
491 3667 588 3716 Ciofan.
610 3669 689 3718 dacer.
707 3673 899 3731 quaram-⁷0¹7
915 3669 975 3719 Jun.
998 3676 1027 3718 et
1047 3681 1111 3716 unus
1131 3666 1222 3715 Heius.

118 3734 147 3780 at
167 3729 260 3777 000000
276 3731 370 3778 nemina
390 3735 542 3792 tang—709
558 3733 582 3782 E
598 3739 638 3781 est
650 3747 682 3780 ex
694 3731 824 3796 Bernegg.
837 3735 904 3795 vulg.
920 3748 935 3780 a
944 3748 953 3788 ;
970 3731 1013 3780 aiii
1030 3731 1146 3780 de.——'il⁰
1163 3727 1224 3780 Jun.

118 3801 147 3844 et
166 3793 263 3858 Tbuan.
283 3797 362 3856 egued.
382 3795 494 3846 00010000
504 3798 624 3846 ade-ill
642 3797 719 3860 Vulg.
737 3797 824 3860 Damq.
843 3795 1011 3852 murmurati:
1036 3797 1114 3858 dumq.
1132 3793 1223 3858 Heius.

615 3919 724 3969 NOTAE

150 4009 199 4054 095
215 4007 395 4070 ,Νο000000000]
420 4008 510 4060 Qualis
531 4007 650 4068 affectus,
692 4022 741 4072 que
751 4006 866 4056 fuissem.

118 4089 231 4146 quantus
242 4082 353 4146 impetus
363 4083 389 4132 in
400 4085 448 4134 hae
456 4085 611 4147 apostrophe
621 4083 628 4131 1
723 4085 771 4130 700
779 4081 859 4128 Sinon
867 4081 937 4144 urna]
948 4080 1017 4132 Quia
1025 4080 1118 4145 Ceycis
1125 4093 1223 4148 eorpus

150 4161 200 4206 098
217 4159 298 4221 Neque
307 4157 380 4222 enim]
413 4159 473 4208 Hoc
492 4165 543 4220 est,
562 4166 649 4208 tecum
690 4156 897 4207 desiderabatur·

118 4233 265 4284 unaevitas
278 4241 379 4300 tempus
390 4234 544 4300 exegissem,
553 4241 650 4285 tecum·
721 4231 817 4297 meua]
837 4231 1014 4298 Epitaphium.
