2866 4772
205 313 295 390 16⁰0
574 329 606 378 r.
630 327 751 380 ovrnn
775 323 952 382 rinconis·
1002 363 1007 370 .

207 477 358 560 Regibus
369 475 416 553 bi,
430 473 638 556 ducibusque
653 489 733 537 suos
750 469 921 539 ostendere
936 467 1048 534 uultus

209 578 318 644 Nocte
333 577 461 648 solent:
484 563 630 658 populos
644 574 701 636 alii
718 573 914 654 plebemque
925 569 1105 650 pererrent·
1243 563 1311 636 645

209 679 360 742 Praeterit
372 677 434 744 hos
448 675 582 739 senior:
608 675 803 755 cunctisque
818 692 836 734 o
852 669 1007 732 iratribus
1022 685 1123 733 unum

210 777 388 862 Morphea,
404 778 460 859 qui
475 782 615 858 peragat
630 771 893 838 Thaumantidos
904 770 1005 844 edita,
1017 767 1160 838 Somnus

210 879 332 961 Eligit:
356 884 389 942 ot
403 895 515 941 rursus
531 875 622 942 molli
638 875 796 954 languore
811 871 940 936 solutus

187 993 196 1016 ‘
210 980 446 1064 Deposuitque
458 981 573 1060 caput,
590 983 762 1058 stratoque
776 972 960 1037 recondidit
974 971 1054 1038 alto.

210 1081 274 1144 Ille
289 1081 391 1157 volat,
406 1079 513 1144 nullos
528 1078 686 1160 strepitus
701 1076 900 1139 facientibus
914 1074 986 1149 alis,
1205 1073 1208 1080 “
1245 1067 1316 1138 650

212 1181 279 1244 Per
293 1182 461 1244 tenebras:
484 1180 634 1260 intraque
651 1197 752 1242 morae
768 1178 868 1241 breve
882 1181 1013 1256 tempus
1027 1172 1064 1236 iu
1078 1171 1193 1236 urbem
1287 1168 1294 1180 “

211 1280 369 1344 Pervenit
384 1279 618 1344 Haemoniam:
641 1279 827 1361 positisque
841 1297 860 1339 e
874 1293 1011 1357 corpore
1024 1273 1141 1356 pennis

212 1382 255 1445 In
269 1380 389 1445 faciem
406 1380 527 1468 Ceycis
543 1381 633 1444 abit:
657 1380 830 1460 formaque
844 1377 906 1440 sub
918 1376 980 1444 illa'

212 1481 549 1562 Lunensesque
564 1481 695 1557 similis,
716 1478 952 1564 sine'vestibus
966 1476 1056 1553 uide,

215 1581 377 1665 Conjugis
393 1588 467 1646 antc
484 1588 592 1646 torum
606 1581 739 1644 misereo
755 1579 856 1641 stetit.
900 1575 978 1640 Uda
992 1575 1120 1667 videtin
1250 1574 1319 1646 655

211 1683 330 1748 Barba
343 1683 418 1770 uiri,
433 1681 642 1762 madidisque
658 1680 768 1760 gravis
784 1679 882 1742 fluere
896 1677 985 1740 unda
999 1677 1141 1760 capillis,

214 1783 302 1846 Tum
314 1783 402 1846 lecto
417 1783 625 1857 incumbens,
639 1781 717 1844 fletu
733 1798 834 1861 snper
850 1797 910 1842 ora
924 1778 1047 1853 refuso,

133 1909 137 1916 ·
215 1881 305 1947 Haeo
322 1881 390 1946 ait:
413 1880 584 1964 Agnoscis
600 1881 725 1964 Ceyca,
738 1880 922 1944 miserrima
937 1879 1081 1962 conjux?
1206 1951 1210 1956 ,

215 1981 270 2048 An
284 2001 356 2046 mea
369 1986 494 2048 mutata
509 1989 561 2046 cst
573 1983 676 2048 iacies
689 1983 794 2048 nccel
841 1981 1008 2066 Respice3
1031 1997 1171 2045 nosces:

208 2173 299 2232 scriem
317 2172 424 2234 tyrannis
440 2177 463 2220 et
481 2172 659 2235 imperatoribus
674 2174 704 2220 de
721 2177 804 2222 nocte.-
820 2172 864 2220 ulii
880 2177 997 2232 rogaretur
1011 2185 1054 2234 per
1070 2169 1165 2232 populu
1182 2174 1207 2218 et
1223 2170 1319 2230 vulgae.

216 2238 296 2286 Senes
307 2235 407 2284 Somnus
418 2237 458 2284 bos
476 2238 576 2296 omittit,
594 2242 664 2300 utque
675 2236 743 2298 eligit
753 2252 825 2285 unam
836 2237 976 2298 Morpheam
986 2251 1017 2284 ex
1036 2235 1125 2282 cunctis
1138 2233 1259 2293 frutribru
1275 2234 1320 2295 qui

215 2300 418 2362 exequuturjuruo
432 2300 629 2350 Thaumantidos:
645 2307 668 2349 et
688 2315 768 2349 rarrar
778 2302 871 2349 drmidt
884 2305 953 2362 caput
963 2313 1096 2361 oppressum
1106 2300 1173 2346 omri
1183 2311 1274 2360 sopore,
1294 2301 1320 2345 ct

215 2367 278 2413 tecit
289 2365 363 2413 denuo
372 2363 429 2410 uuir
439 2363 546 2412 veodam.
579 2366 623 2412 lile
633 2367 696 2412 uolut
704 2379 746 2426 per
757 2364 889 2425 caliginem,
907 2365 1049 2412 elinandum
1065 2375 1146 2410 sonum
1156 2360 1319 2421 reddentibus,

215 2433 239 2477 ct
250 2429 315 2476 iutra
325 2430 436 2484 exiguum
445 2430 548 2488 epatium
564 2431 675 2491 temporis
687 2429 793 2490 pmoenit
804 2429 830 2476 in
840 2428 920 2477 urbem
931 2427 1087 2481 Hoemcrricm,
1099 2431 1123 2473 et
1131 2425 1215 2488 pennis
1226 2439 1257 2472 eor
1267 2438 1320 2471 cor·

214 2505 272 2555 porc
281 2489 379 2538 monta
389 2491 467 2538 induit
476 2493 554 2540 cultas
567 2492 657 2554 Cende,
676 2496 699 2539 et
718 2492 761 2540 sab
777 2492 820 2540 illu
837 2493 912 2554 specie
929 2491 1024 2550 liuidus,
1044 2489 1249 2546 irmaimisimilie,
1267 2488 1320 2537 siue

217 2554 280 2603 omni
292 2555 379 2602 amicta
390 2554 495 2602 constitit
514 2559 545 2602 ud
564 2557 649 2603 lectum
665 2554 770 2614 infelicis
785 2557 875 2604 amorio.
907 2555 990 2603 Burbu
1006 2555 1053 2602 oiri
1070 2553 1279 2613 uideturmudido,
1295 2555 1322 2599 et

214 2615 296 2678 gronio
306 2631 365 2678 equo
375 2616 464 2664 nidore
475 2619 804 2670 exquirendorum
811 2634 882 2681 ηραν
897 2623 947 2666 loro
962 2623 1060 2678 strutus,
1078 2617 1189 2680 lucrymis
1200 2616 1320 2678 expressis

216 2693 345 2743 nrpmorc,
364 2679 499 2729 haecdicit:
522 2682 646 2742 Cognoscis
659 2684 766 2747 Ceycem,
780 2697 841 2730 uxor
858 2678 1039 2744 infelicissima?
1062 2695 1093 2730 ua
1113 2696 1176 2729 ntem
1193 2682 1274 2729 vidtur
1283 2684 1320 2728 ert

678 2805 858 2825 ”neuneu

218 2887 281 2936 stim
298 2893 326 2936 et
337 2891 448 2948 quatuor
466 2886 509 2935 ulli
530 2886 612 2949 Quoeq.
629 2891 717 2935 carent.
751 2887 825 2936 Tunc
844 2887 958 2949 Spirens.
979 2887 1074 2946 unimi5
1099 2887 1164 2936 Cod.
1180 2887 1208 2935 S.
1232 2887 1321 2936 Marci

217 2952 303 3000 animo.
321 2952 434 3000 Feliciter
444 2965 495 2999 nou
505 2951 600 3000 hubent
619 2951 665 2998 nini
681 2965 745 2999 rinus
765 2952 822 3000 Pal.
839 2966 905 3000 rinus
918 2952 1007 3000 Heius.
1019 2958 1046 3000 et
1057 2966 1122 3000 imos
1134 2953 1203 3000 Mor.
1216 2952 1321 3014 reliqui,

212 3015 349 3075 fallaciter.-
374 3030 446 3075 unus,
464 3016 663 3064 velociter-644
687 3015 801 3065 Beroiin.
821 3015 882 3075 Reg.
903 3016 1029 3065 bia-rm
1048 3016 1125 3064 Hunc
1144 3029 1181 3064 vs.
1200 3016 1320 3077 spurium

212 3078 350 3140 judicabat
362 3079 451 3128 Barth.
463 3078 495 3128 ad
506 3082 561 3128 Sat.
574 3091 602 3127 x.
619 3079 698 3127 Theb.
710 3083 766 3127 1³1.
785 3079 846 3142 quia
861 3080 925 3127 edito
937 3093 983 3142 pro
995 3079 1123 3128 mandatis
1134 3093 1224 3141 parum
1236 3079 1321 3127 latine

218 3141 272 3192 diei
294 3149 383 3205 putat:
407 3157 453 3204 pro
472 3143 536 3191 editu
553 3142 666 3191 Beroiin.
691 3143 856 3193 omnic-648
872 3144 930 3192 Duo
949 3148 1014 3191 vett.
1037 3145 1100 3204 long.
1120 3144 1230 3203 solutum,
1248 3142 1320 3206 quod

218 3206 311 3257 Heius.
321 3207 416 3254 rectius
423 3207 578 3271 judicebnt3
595 3214 622 3254 et
640 3208 740 3268 recepit
755 3207 1023 3256 Mitsclrerlich.-649
1039 3207 1119 3256 Gron.
1130 3211 1199 3254 stret.
1210 3207 1320 3256 recondi·

218 3275 264 3318 tuo.
280 3271 351 3318 'l'nno
361 3277 422 3318 tert.
435 3270 516 3319 Gron.
528 3275 612 3327 untrc,·
621 3269 688 3318 unde
699 3270 788 3319 Heius.
799 3272 867 3333 conj.
879 3278 945 3319 ntro:
954 3270 980 3318 in
991 3272 1023 3319 A.
1034 3276 1094 3330 ceto,
1102 3279 1128 3319 et
1136 3271 1238 3318 emend.
1247 3275 1321 3319 ostro.

218 3337 298 3382 -651
312 3333 343 3380 In
358 3334 476 3382 Heidelb.
487 3334 574 3398 iutruq.
587 3349 653 3383 corr.
664 3335 832 3394 citroq—652
846 3335 943 3382 OEteum
951 3350 996 3396 pro
1007 3335 1117 3382 Hermon.
1127 3335 1249 3384 maluisse
1258 3335 1321 3384 Sca·

219 3395 327 3458 ligerum
335 3398 618 3447 munumina-ons
630 3398 756 3446 romanae
764 3398 799 3446 ill.
807 3413 838 3446 ex
850 3413 887 3460 pr.
895 3398 1183 3460 Bas.Arund.pr.Mor.
1193 3399 1320 3447 etdecem

219 3459 289 3518 ellim
299 3461 365 3512 vnis.
371 3467 469 3522 suoduq,
470 3461 644 3524 figura-664
651 3463 776 3522 Exsungui
782 3463 898 3509 meliores
906 3477 913 3521 ;
921 3463 963 3510 alii
972 3461 1164 3510 exanima—655
1173 3462 1320 3513 Mitscherl.

219 3521 302 3571 edidit
320 3521 582 3572 lindemacus-ooo
600 3525 638 3572 Fl.
656 3527 681 3573 S,
698 3526 792 3585 Marci,
805 3526 839 3574 N.
852 3533 879 3574 et
900 3534 960 3575 tert.
972 3527 1069 3576 Bonon.
1082 3526 1229 3574 modidcr'ri
1242 3526 1319 3590 fider.

219 3584 363 3636 Duodecim
375 3586 604 3647 etiamad—‚6⁵⁷
616 3587 703 3646 Refero
711 3603 743 3636 ex
755 3587 852 3639 Ert'urt.
862 3589 959 3638 Thnsn.
976 3591 1107 3652 Bernegg.
1118 3590 1193 3640 Cant.
1202 3596 1231 3638 et
1241 3591 1300 3640 aliis
1311 3606 1319 3638 ε

193 3649 494 3723 „rescriptorum-bob
508 3649 603 3714 Heius.
622 3653 689 3714 conj.
708 3653 819 3714 Hancne,
838 3654 879 3704 rel
894 3653 953 3715 Dic,
968 3654 1013 3706 uit·
1045 3654 1156 3706 Quidum
1175 3655 1257 3704 etiam
1278 3655 1321 3706 bu·

717 3808 823 3862 NOTAE

252 3923 301 3978 Md
317 3919 414 3986 Senior]
435 3921 553 3983 Somnus,
564 3921 674 3971 ncilicet.
789 3919 923 3985 Halcyone
933 3917 1075 3970 habitabat.

253 4000 301 4046 our
329 3995 524 4060 Thaumantidos]
562 3995 639 4045 Iridis
666 3995 749 4044 Thau·
821 4000 868 4047 653
886 3995 1025 4060 infaciem]
1054 3995 1145 4060 Ceycis
1156 3995 1264 4059 figuram
1281 3999 1320 4046 in·

222 4071 315 4118 mantis
326 4071 385 4121 filiae
393 4073 476 4135 jussa.
790 4072 860 4122 duit:
879 4077 959 4136 etque
967 4073 1014 4136 ite,
1024 4079 1063 4136 ut,
1074 4074 1096 4121 si
1106 4073 1182 4124 modo
1188 4075 1320 4140 attendes,

254 4145 749 4214 6⁵1Urbem]'l¹racbinem,scilicet‚nbi
788 4149 1100 4216 iprnmeesetibitiogee.
1139 4158 1145 4171 '·
1218 4149 1221 4155 ⁴
