2838 4774
197 355 283 431 mou
488 379 510 422 .·
536 379 540 386 ·
563 375 741 427 norma
766 375 927 428 Nasonis
999 363 1021 404 '-

199 519 295 600 Quos
310 509 704 607 ita(eensitenim)1aet0
720 521 894 586 Saturnius
907 540 963 584 ore
1044 606 1050 614 ,

198 619 332 704 Jupiter
346 621 542 705 alloquitur:
567 623 696 686 Nostra
710 630 761 687 est
776 625 875 686 timor
890 623 953 686 iste
968 622 1135 705 voluptas,

201 723 232 786 0
249 723 385 806 Superi:
408 729 545 807 totoque
559 727 664 788 libens
680 727 758 790 mihi
777 734 911 808 pectore
926 732 1050 806 grator,
1301 794 1306 804 Ι

201 816 302 901 Quod
315 826 471 889 memoris
485 825 601 908 populi
617 825 710 890 dicor
724 835 898 910 rectorque
912 831 1087 908 paterque:
1237 819 1308 884 245

202 925 246 987 Et
260 943 334 990 mea
347 926 521 1008 progenies
535 933 647 991 vestro
660 947 795 1010 quoque
809 927 1007 990 tuteiavore
1021 931 1083 990 est.
1159 981 1162 988 .
1401 923 1402 936 ¹

203 1026 292 1089 Nam
307 1046 498 1109 quanquam
514 1029 622 1110 ipsius
639 1028 734 1092 datur
747 1029 811 1094 hoc
828 1031 1026 1093 immanibus
1041 1028 1148 1106 aetis3

203 1127 340 1208 Obligor
352 1127 425 1211 ipse
439 1135 561 1194 tamen.
606 1129 785 1206 Sedenim,
800 1150 840 1192 ne
856 1136 993 1212 pectora
1007 1147 1094 1206 vano

204 1227 293 1293 Fida
305 1236 396 1292 metu
410 1235 565 1311 paveant,
583 1229 716 1296 OEtoeas
731 1232 877 1314 spernite
892 1231 1057 1295 flammas.

205 1329 326 1396 Omnia
340 1333 397 1413 qui
410 1332 505 1409 vicit,
517 1332 642 1409 vincet,
658 1351 742 1414 qnos
757 1333 902 1409 cernitis,
917 1332 1043 1414 ignes,
1241 1328 1309 1394 2⁵0
1403 1347 1404 1350 ’

205 1431 281 1497 Ne'e
294 1432 358 1496 nisi
372 1440 522 1498 materna
535 1433 723 1498 Vulcanum
740 1440 834 1517 parte
851 1438 1013 1518 potentem

206 1523 341 1598 Sentiet.
388 1535 566 1599 AEternum
582 1543 646 1614 est,
661 1556 682 1600 a
695 1557 750 1600 me
767 1536 858 1618 quod
869 1536 987 1611 traxit,
1005 1543 1041 1598 et
1054 1553 1188 1616 expers,

206 1633 319 1717 Atque
334 1636 480 1698 immune
493 1638 599 1712 necis,
615 1637 771 1717 nullaque
787 1636 954 1700 domabile
967 1635 1111 1703 flamma.

207 1735 315 1817 quue
330 1757 391 1818 ego
404 1736 596 1800 defunctum
611 1743 698 1800 terra
714 1739 905 1801 coelestibus
921 1737 989 1800 oris

210 1835 398 1922 Accipiam,
411 1839 606 1920 cunctisque
618 1859 729 1902 meum
742 1838 890 1903 laetabile
902 1839 1028 1904 laetum
1244 1836 1313 1902 255
1406 1895 1407 1900 ,

214 1937 274 2001 nis
288 1937 357 2002 sore
373 1937 514 2002 conlido.
559 1939 597 2003 Si
612 1941 688 2023 quis
703 1947 814 2006 tamen
829 1941 990 2018 Hercule,
1007 1940 1036 2005 si
1050 1939 1125 2024 quis

211 2128 228 2192 (
230 2133 283 2180 nam
293 2133 397 2182 ademit
398 2131 414 2195 )
431 2133 529 2196 Jupiter
548 2132 676 2184 Saturnius
686 2136 720 2184 sic
731 2138 851 2200 compellat
862 2137 926 2185 stultu
938 2134 1009 2184 hilari
1013 2151 1021 2183 ε
1039 2133 1090 2184 Hic
1101 2123 1175 2182 melus
1192 2129 1259 2181 notio
1275 2133 1313 2175 est

208 2198 394 2257 gratari-amm
408 2198 531 2254 cereola,
549 2204 620 2260 atque
638 2199 702 2248 altro
720 2203 811 2261 gaudeo
825 2206 875 2250 tolo
891 2201 1047 2263 eorda‘quod
1064 2197 1188 2262 perhibeor
1197 2200 1221 2243 et
1232 2207 1277 2241 rea
1288 2197 1313 2240 et

208 2267 278 2321 poter
286 2262 366 2324 populi
375 2261 437 2309 trad
448 2261 550 2322 ingrati,
557 2267 580 2310 et
591 2278 642 2311 ntea
649 2263 736 2312 robola
744 2279 827 2312 secura
835 2278 923 2328 queque
934 2270 968 2312 ert
979 2269 1057 2312 vestra
1064 2261 1229 2310 benevolentia.
1247 2257 1314 2304 Num

335 2325 1081 2442 lttrultlattutlllu‘ttlullutra:
1092 2331 1213 2437 aen
1222 2322 1315 2448 aaz

210 2404 399 2514 qqrqrqunor'rm,
409 2405 527 2515 sfperrrtil
548 2455 620 2504 etlam
632 2454 744 2517 stnmmm
762 2409 820 2518 qiam
837 2409 952 2506 matellam
973 2407 1055 2517 Νεᾳῖε
1068 2455 1116 2504 atri
1125 2423 1314 2516 parre'maram

212 2519 348 2578 experietur
365 2517 468 2564 saidam
478 2517 574 2577 ignem·
591 2520 651 2580 qoud
662 2519 743 2568 aalma
754 2536 769 2569 a
781 2537 817 2568 me
827 2525 862 2568 est
872 2526 995 2575 aternum,
1011 2524 1034 2566 et
1045 2519 1159 2567 intortum
1171 2522 1239 2577 atque
1251 2514 1315 2560 iaec·

212 2595 299 2630 cereum
309 2582 389 2639 morti,
399 2585 421 2628 et
431 2582 496 2640 ,nuuc
506 2582 562 2640 igne
572 2585 736 2644 superandum.
770 2587 849 2648 Atque
866 2599 909 2645 ego
920 2584 945 2632 ld
956 2584 1079 2632 admittam
1090 2583 1117 2630 in
1127 2583 1209 2629 coelum
1219 2576 1316 2637 defunc·

212 2649 264 2692 tum
275 2649 355 2701 terrm·
371 2648 395 2692 et
412 2645 479 2692 credo
490 2659 566 2692 meum
578 2645 676 2704 saetam
688 2647 800 2706 futorum
816 2647 1022 2709 garamantum
1032 2645 1098 2696 nia.
1131 2645 1160 2695 sa·
1175 2643 1317 2710 quieturus

211 2891 299 2927 mum.
314 2875 420 2940 Septem
431 2877 496 2926 aad.
508 2876 678 2927 mundi—24³
695 2877 811 2927 Beroliu.
822 2877 867 2928 iste
877 2880 1073 2930 columna-245
1086 2877 1158 2936 Unus
1167 2877 1229 2926 Bas.
1239 2880 1317 2924 tutor·

159 2945 161 2952 ’
214 2937 401 3005 'perpet-W
419 2943 502 2992 Datur
518 2949 559 2990 est
578 2955 611 2990 ex
631 2941 671 2990 Fl.
690 2941 716 2990 S.
737 2941 833 3002 Marci,
852 2957 903 2993 sec.
921 2942 993 2992 Med.
1005 2950 1033 2993 et
1045 2943 1132 2991 multis
1144 2941 1215 2990 aliis:
1234 2940 1318 2989 ceteri

215 3006 288 3055 dolis.
303 3006 417 3055 Berolln.
439 3007 503 3054 datie
518 3006 575 3055 hac.
591 3007 685 3066 Porro,
706 3006 776 3056 ulcu.
795 3022 860 3058 unus
880 3014 909 3056 et
928 3007 1001 3056 Laid.
1016 3005 1148 3068 insignitur
1165 3005 1235 3062 actis,
1247 3003 1318 3068 qnod

215 3072 306 3118 Burm.
317 3069 420 3120 defendi
434 3086 509 3133 posse
522 3078 597 3132 putat
614 3085 646 3118 ex
666 3071 790 3119 Heroidtl.
802 3085 846 3120 ιιι.
865 3076 920 3121 121.
937 3072 1055 3120 Alterum
1068 3071 1169 3118 videtur
1180 3067 1319 3118 efficacius.

217 3136 311 3184 Horat.
322 3136 371 3197 Ep.
379 3149 409 3182 rr.
418 3139 439 3186 l.
446 3140 470 3184 o.
480 3135 613 3197 ‘ingentia
620 3133 700 3183 facta’
708 3136 815 3196 Bacchi,
825 3137 937 3194 Romuli,
946 3139 1076 3186 tce—25⁰
1086 3133 1172 3182 Berol.
1184 3132 1224 3196 qui
1233 3133 1319 3182 macit.

215 3203 298 3247 -252
314 3199 423 3247 Botlrius
434 3199 501 3262 conj.
512 3205 536 3247 et
547 3202 716 3262 scrupea—253
735 3199 773 3248 ΡΙ.
793 3201 818 3248 S.
831 3199 915 3248 Marci
934 3201 1031 3249 immun.
1042 3201 1127 3247 amul.-
1146 3197 1213 3245 unde
1227 3195 1318 3246 Heius.

218 3263 287 3326 conj.
307 3264 375 3312 uitur.
391 3263 482 3312 Heius.
500 3262 594 3312 suadet
615 3263 718 3325 antipae
734 3263 860 3326 stauarum
876 3278 935 3313 nam
958 3278 1022 3313 unus
1044 3263 1146 3327 exejus
1164 3262 1228 3310 Mss.
1239 3261 1320 3310 nabet

716 3437 822 3488 NOTAE

220 3546 290 3597 tione
312 3557 436 3609 superare
460 3547 586 3596 maximus
606 3547 641 3596 sit
668 3548 749 3601 labor.
791 3551 842 3602 fuit
860 3552 930 3602 Deos
948 3549 1058 3601 Herculi
1075 3547 1128 3598 tilio
1146 3546 1275 3610 faventes,
1293 3550 1321 3594 et

218 3623 315 3672 Verum
326 3623 395 3672 enim
406 3623 517 3672 solemus
528 3637 574 3671 nos
585 3623 751 3686 tergiversari
791 3641 854 3692 erga
864 3637 891 3678 se
903 3629 1051 3687 benevolos,
1059 3639 1176 3675 cernere.

220 3708 248 3750 et
268 3699 341 3748 nobis
359 3700 503 3762 imponere:
527 3701 686 3763 voluptatem
702 3703 750 3750 vir·
790 3725 794 3732 ·
824 3711 871 3756 251
889 3704 1014 3767 Materno]
1031 3705 1098 3755 Quae
1110 3700 1184 3750 uobis
1203 3697 1322 3747 omnibu!

220 3776 284 3826 tutis
295 3775 383 3838 specie
395 3775 591 3838 amplectimrrr3
608 3791 681 3840 equa
693 3792 752 3841 pos·
792 3783 883 3830 eadem
894 3789 933 3829 est
944 3779 1073 3829 terrestris
1088 3777 1132 3824 illa
1143 3781 1171 3824 et
1183 3787 1246 3822 vere
1255 3787 1323 3821 rnor-

218 3859 335 3914 tearum
347 3851 436 3900 divelli
447 3858 611 3914 necesseest,
621 3853 671 3917 ipsi
679 3855 753 3904 nobis
792 3864 845 3915 trra,
856 3855 941 3914 semul
954 3863 981 3904 et
993 3852 1121 3914 voluptati
1133 3849 1224 3909 affirm
1236 3864 1321 3913 quarn,

221 3929 286 3978 mori
299 3928 425 3977 ridemur.
791 3931 1015 3995 flagitiosissimam
1025 3936 1052 3977 et
1061 3928 1120 3976 Deo
1129 3939 1257 3985 aversam,
1268 3923 1325 3984 nisi,

253 4010 300 4054 21ss
317 4003 426 4068 Vindice]
445 4004 560 4055 Hercule
571 4008 698 4070 nimirum,
710 4010 754 4073 qui
794 4008 891 4056 divitiis
918 4006 1022 4069 spretis,
1049 4002 1196 4062 honoribus,
1217 4000 1322 4063 ejusque

222 4093 310 4129 omnes
322 4088 404 4130 terras
421 4097 436 4130 a
455 4083 585 4143 monstris,
602 4083 753 4147 latronibus,
793 4080 952 4132 fulcimentis
970 4082 1181 4146 quibuscumque,
1203 4075 1273 4124 serio
1296 4081 1323 4123 et

224 4163 250 4204 et
261 4156 365 4206 nefariis
376 4158 520 4207 hominibus
533 4161 669 4223 purgabat.
794 4161 849 4206 toto
861 4157 941 4206 corde
951 4157 1109 4214 exuerimus,
1117 4153 1150 4202 ud
1162 4166 1251 4201 veram
1270 4149 1323 4198 Dei

256 4237 305 4281 2⁴3
324 4233 434 4295 Nostra]
460 4235 521 4285 Jort
543 4249 635 4299 nempe
651 4242 752 4300 gratum
793 4234 871 4282 ritant
885 4246 1019 4295 emergere
1030 4245 1081 4280 non
1092 4231 1163 4279 licet.
