2866 4772
410 321 766 414 nnn'rnonrnosnou
791 363 865 413 mur
889 363 945 414 xi.
1141 343 1234 414 lali·

129 497 281 583 Frangit3
303 505 337 568 et
347 499 502 571 incursus
515 525 592 588 qaae
605 503 827 588 praedelassat
840 497 1032 590 aquarum'
1146 507 1232 572 'rao
1324 557 1326 564 .

130 603 244 669 Insilit
256 603 339 668 huc:
361 607 545 689 miramque
559 608 625 671 fuit
639 611 808 690 potuisse3
830 609 988 674 volabat:
1105 609 1108 616 “

130 703 507 789 Percutiensquelevem
521 712 717 775 modonatis
730 713 807 776 aera
822 713 952 794 pennis„
1013 729 1017 735 '
1111 749 1115 758 ·

129 804 324 890 stringebat
338 827 485 873 summas
500 811 569 874 ales
584 811 784 875 miserabilis
797 812 918 876 undas,

130 904 287 988 Dumque
299 909 409 986 volat;
432 917 554 974 moesto
567 912 720 988 similem,
737 900 934 995 plenumque
949 911 1094 996 querelae

129 1005 203 1070 Ora
216 1007 337 1076 dedere
351 1013 584 1088 sonum,tenui
598 1014 793 1096 crepitantia
808 1019 925 1077 rostro.
1075 1007 1078 1014 ’
1163 1011 1228 1078 735

129 1107 197 1190 [Ut
211 1128 290 1172 vero
305 1111 418 1192 tetigit
432 1118 558 1176 mutum
573 1120 605 1178 et
618 1116 688 1178 sine
703 1115 862 1196 sanguine
877 1133 1018 1199 corpus;

129 1207 284 1273 Dilectos
300 1215 390 1275 artus
405 1213 563 1296 amplexa
576 1217 764 1280 recentibus
779 1216 853 1295 alie,

130 1309 271 1390 Frigida
285 1315 505 1396 nequicquam
520 1317 604 1380 duro
619 1318 711 1382 dedit
725 1319 990 1398 asculensem]

129 1411 279 1475 Senserit
290 1413 473 1504 hoc'Geyx,
489 1436 531 1480 au
547 1418 674 1482 vultum
689 1418 834 1482 motibus
848 1418 947 1481 undae

128 1511 262 1578 Tollere
278 1515 322 1577 sit
335 1515 441 1591 visus,
457 1518 606 1598 populus
621 1501 812 1581 dubitabat:
835 1523 870 1581 at
882 1517 939 1580 ille
1166 1515 1230 1580 rio

129 1613 300 1680 Senserat.
344 1615 387 1680 Et
401 1618 545 1695 taudem,
560 1617 699 1700 Superis
711 1618 954 1695 miserantibus,
970 1619 1069 1682 ambo

128 1713 226 1780 Alite
239 1721 412 1781 mutantur.
457 1719 551 1783 Fatis
567 1720 733 1783 obnoxius
746 1719 853 1782 isdem

128 1805 228 1880 Tunc
241 1835 371 1899 quoque
383 1821 506 1884 mansit
520 1839 624 1897 amor,
636 1840 699 1883 nec
714 1819 902 1902 conjugiale
917 1820 1060 1897 solubrm

130 1916 263 1980 Foedus
277 1919 311 1980 in
324 1919 471 1985 alitibus.
517 1920 655 1997 Coeunt,
671 1921 817 2005 fiuntque
832 1926 985 2004 parentes
999 1942 1007 1982 ε

130 2018 264 2100 Perque
278 2018 352 2082 dics
367 2021 531 2103 placidos
546 2022 689 2104 hyberno
705 2028 866 2102 tempore,
879 2025 1009 2103 septem
1166 2021 1235 2082 745

129 2231 220 2280 annuit
240 2230 341 2293 primam
361 2233 409 2282 vim
425 2234 508 2294 maria,
528 2235 610 2296 quique
627 2233 722 2294 frangit
745 2234 856 2344 impetam
878 2247 997 2296 aquarum.
1040 2215 1094 2280 Huc
1110 2229 1215 2282 moendit
1224 2243 1234 2286 ς

130 2302 204 2358 atque
225 2295 310 2346 mirum
329 2294 382 2355 suit
404 2299 524 2359 potuisre5
551 2297 658 2346 rotabat:
686 2303 710 2346 et
733 2312 857 2346 venerans
877 2302 957 2345 tenues
978 2310 1048 2344 auras
1064 2295 1148 2358 pennis
1164 2295 1232 2341 modo

131 2360 203 2421 ortu,
228 2361 279 2407 anis
305 2362 408 2410 luctuosa
432 2362 530 2410 radebat
558 2367 676 2410 extrem
696 2376 778 2423 aquas.
811 2362 846 2410 Et
867 2362 922 2409 dum
940 2362 1014 2416 *mian
1034 2358 1113 2418 facies
1133 2358 1233 2406 nnana

130 2425 213 2474 emisit
233 2439 313 2472 sonum
340 2425 427 2486 exiguo
453 2431 529 2473 rastro
554 2427 667 2488 aqualem
686 2425 788 2486 lugubri,
814 2429 838 2472 et
857 2427 952 2487 plenam
973 2423 1128 2486 querimoniae.
1174 2421 1235 2468 Corn

129 2503 188 2537 vero
210 2488 292 2548 tetigit
312 2504 396 2551 carpus
415 2495 504 2538 mutam
521 2494 545 2538 et
565 2504 692 2550 exsangue,
714 2490 820 2550 amplexa
838 2489 904 2537 navia
922 2489 968 2536 alis
984 2487 1086 2536 membra
1104 2485 1235 2544 cumcuma,

124 2552 225 2612 frustra
235 2552 410 2614 abtulitgelida
427 2553 507 2601 niuniu
524 2555 603 2614 rigide
620 2558 704 2602 rostro.
742 2554 832 2614 Vulgus
847 2553 961 2600 incanam
978 2557 1030 2600 erat
1049 2567 1080 2599 an
1093 2554 1160 2614 Ceyx
1171 2551 1236 2602 idad

130 2617 275 2675 adverterit,
292 2632 324 2666 an
341 2618 374 2665 ait
391 2618 455 2666 visua
469 2618 560 2678 erigere
571 2618 661 2678 faciem
678 2617 810 2678 agitatione
820 2617 953 2680 flnctuum:
975 2623 1000 2665 at
1017 2615 1057 2664 ille
1074 2619 1195 2664 censerat:
1211 2617 1235 2661 et

130 2681 233 2742 denique
252 2681 310 2728 Diis
327 2682 533 2742 miserescentibus,
555 2688 650 2744 uterque
668 2687 792 2746 vertuntur
817 2681 843 2730 in
861 2697 922 2730 acea.
954 2682 1028 2729 Anwr
1042 2679 1161 2744 ,superfuit
1179 2682 1236 2726 tune

130 2745 208 2792 etiam
225 2744 332 2792 eubaldus
347 2745 430 2794 iisdem
442 2743 524 2804 jatis;
540 2745 612 2808 neque
621 2746 701 2806 sadra
717 2746 851 2794 connubiale
869 2747 995 2794 diremtum
1008 2745 1035 2792 in
1051 2744 1141 2793 auibus.
1175 2743 1236 2790 Jun-

130 2813 227 2869 gantur
233 2808 345 2872 fiantque
360 2815 486 2871 parentem
508 2815 577 2872 atque
592 2811 714 2873 Halycone
729 2810 824 2858 incubat
840 2825 884 2872 per
901 2815 988 2872 septem
1005 2811 1055 2856 dier
1073 2809 1161 2870 quietos
1179 2811 1236 2854 terrr-

595 2935 743 2954 OOOOOOOO
744 2935 774 2954 Μ

134 3017 238 3067 Bonon.
247 3031 287 3078 pr.
308 3017 377 3066 Mor.
389 3031 437 3078 pro
456 3015 527 3079 vulg.
541 3017 703 3065 undas-⁷30
718 3015 750 3062 In
769 3028 825 3062 voc.
845 3013 997 3077 proedelauar
1009 3011 1112 3060 variant
1123 3009 1213 3072 scripti
1228 3027 1235 3069 ;

132 3084 225 3144 proedoe
235 3083 377 3143 qualorum,
387 3081 437 3138 vel,
449 3095 493 3142 qua
508 3082 613 3142 predam
624 3081 701 3127 traxit
713 3093 751 3141 pr.
760 3079 841 3128 Gron.
863 3077 931 3140 quod
949 3077 1065 3124 ultimum
1082 3075 1159 3122 etiarn
1171 3072 1238 3135 Argi

136 3147 274 3206 agnoscit:
289 3148 450 3208 predegaulot
469 3159 550 3193 viniis:
566 3144 713 3205 predecessit
736 3143 815 3192 allus:
832 3143 900 3188 ereda
919 3142 985 3188 laam
1005 3154 1070 3186 unus
1094 3138 1237 3186 Hemali-

136 3213 187 3257 731
201 3209 324 3257 Nonnulli
336 3206 403 3256 insit}
416 3209 471 3257 linia
477 3224 486 3265 ;
496 3209 548 3256 duo
558 3208 630 3256 Laid.
643 3207 715 3255 bunc:
730 3207 817 3254 Heius.
827 3206 894 3268 conj.
906 3206 1061 3253 bane-7³7.
1072 3206 1120 3254 738
1138 3200 1173 3249 Ηί
1185 3200 1236 3250 duo

135 3287 176 3321 vs.
191 3274 217 3321 in
228 3287 277 3322 ano
289 3273 370 3322 Gran.
381 3273 489 3334 margini
501 3272 749 3321 ascribebantur-r
752 3275 782 3320 37
795 3271 867 3320 Unus
881 3269 951 3317 Med.
962 3269 1033 3330 ampl.
1044 3265 1238 3316 trementibus.—

137 3339 190 3384 739
207 3337 321 3386 Berolin.
333 3337 445 3386 Senserat
456 3337 506 3384 bae
518 3338 546 3385 C.
558 3343 585 3384 et
601 3351 661 3384 mox
673 3341 729 3384 mot.
744 3336 896 3384 undar-74⁰
914 3333 994 3386 Idem
1011 3332 1109 3380 Tolleret
1119 3335 1143 3379 et
1161 3330 1238 3378 oia.-

137 3404 191 3449 743
208 3400 299 3451 Heins.
311 3416 344 3450 ex
364 3401 467 3464 scriptis
479 3401 581 3450 emend.
595 3400 751 3472 'conjuginm
766 3399 836 3462 vulg.
855 3396 984 3468 mrpugale.
1001 3395 1116 3444 Berolin.
1136 3407 1238 3459 quoque

636 3546 748 3623 noun.

173 3699 222 3745 730
239 3693 407 3755 Proedelasaat]
434 3694 525 3742 Lasso's
537 3701 564 3742 ct
572 3693 672 3744 debiles
742 3699 790 3743 743
814 3693 866 3742 Nec
886 3691 1025 3753 conjugiale]
1059 3689 1154 3736 Locum
1175 3685 1240 3735 fecit

139 3770 236 3821 reddit·
711 3770 805 3819 fabnlae
826 3769 911 3831 aliqua
931 3783 968 3830 ex!
984 3773 1057 3828 parte
1076 3764 1240 3825 Halcyonam

171 3844 670 3909 autumnalesquamrnflucyonem
711 3852 814 3894 mutuas
842 3850 930 3901 among
963 3855 1039 3904 quem
1067 3850 1147 3901 nsque
1175 3835 1240 3886 adeo

139 3927 250 3972 mutale.
711 3910 1242 3976 celebremvolitaruntveterequtlronorta

173 4001 221 4047 741
239 3996 360 4059 smmi]
381 3997 537 4045 Incredibile
549 4003 590 4044 est
600 3995 673 4044 istud
711 4011 788 4045 causa
803 3985 932 4058 hyemales
950 3991 1006 4039 dies
1022 4004 1071 4052 per
1086 4002 1150 4052 quos
1167 3988 1241 4037 nidu-

141 4075 280 4142 equidemr
308 4079 335 4121 at
357 4071 423 4120 enim
443 4072 537 4120 amoris
554 4071 673 4136 potentia
709 4064 1164 4132 lauturDiitranquillossanxe'rint.

142 4141 673 4218 quantamraleatiutervirosnnllilicet
743 4152 791 4198 745
808 4143 914 4207 Septem]
944 4143 1046 4192 Novem
1064 4141 1243 4208 aliquemque·

142 4226 205 4278 satis
215 4224 360 4275 ostendere.
712 4223 830 4278 undecim
842 4219 981 4284 assignant.
1081 4221 1085 4228 '
