2930 4778
134 325 136 332 ’
212 295 298 376 1878
579 331 611 378 a.
636 329 757 378 ovrnrr
782 329 943 381 ussurus
1028 376 1032 381 .

255 469 299 534 Et
313 469 448 537 Crocon
461 473 496 536 in
510 476 634 556 parvos
648 493 781 538 versum
797 495 872 540 cum
888 474 1033 539 Smilace
1047 475 1160 554 florae,

212 571 397 638 Ptaetereo:
419 574 572 658 dulcique
588 577 718 638 animos
733 577 878 639 novitate
892 579 1019 642 tenebo.

255 674 352 739 Unde
366 677 409 739 sit
424 677 574 757 infamis3
598 697 701 760 quare
718 663 805 741 male
819 679 959 742 fortibus
973 678 1071 741 undis
1245 675 1310 742 285

212 775 374 841 Salmacis
389 785 531 855 enervet,
543 763 719 861 'tactosque
733 779 897 846 remolliat
912 785 1002 842 artus
1014 799 1023 858 ;

212 878 354 944 Discite.
399 880 511 944 Causa
526 883 622 946 latet:
645 883 696 973 vis
712 886 763 944 est
776 884 952 947 notissima
967 883 1079 946 fontis.

212 979 381 1046 Mercurio
396 987 536 1064 puerum
551 984 641 1047 Diva
656 981 854 1066 Cythereide
868 991 982 1047 natum

210 1079 342 1146 Naides
358 1082 459 1148 Idaeis
474 1085 658 1148 enutrivere
673 1069 735 1148 sub
750 1087 853 1149 antris
863 1082 877 1164 3⁴

212 1181 319 1267 Cujus
334 1190 405 1248 erat
417 1186 533 1264 facies,
550 1189 585 1250 in
601 1207 668 1269 qua
680 1194 849 1273 materque
863 1191 1026 1269 'paterque
1247 1183 1313 1248 290

212 1272 383 1366 Cognosci
399 1293 555 1368 possent:
578 1307 697 1350 nomen
712 1307 846 1372 quoque
861 1289 965 1351 traxit
979 1288 1021 1350 ab
1037 1286 1115 1350 iuis.

212 1382 249 1447 Is
257 1385 328 1460 ,tria
342 1406 418 1450 cum
434 1388 576 1469 primum
592 1389 672 1452 fecit
687 1387 924 1470 quinquennia,
947 1391 1073 1450 montes

211 1485 366 1550 Deseruit
381 1489 526 1571 patrios:
550 1489 679 1570 Idaque
695 1488 810 1551 altrice
825 1487 956 1568 relicta,

212 1585 340 1668 ignotis
355 1608 459 1652 errare
473 1588 568 1666 locis,
584 1590 696 1671 ignota
711 1587 823 1662 videre

213 1792 244 1825 err
256 1776 326 1826 ahere
333 1780 423 1842 pluvia.
441 1781 475 1829 Et
485 1781 574 1829 Crocon
584 1783 734 1830 mutaturam
745 1781 906 1845 tenuesflores
916 1795 969 1828 cum
975 1755 1094 1828 ¹Smilace:
1105 1779 1243 1828 etmorahor
1250 1794 1313 1828 mea·

211 1847 248 1890 tes
254 1847 327 1902 grata
337 1844 449 1892 nouitate.
466 1846 555 1893 Audite
563 1846 711 1907 quamohrem
722 1846 838 1894 Salmacis
847 1846 880 1893 sit
889 1848 1045 1902 dedecorata;
1061 1859 1132 1906 quare
1143 1845 1206 1892 cirea
1219 1843 1313 1902 auferat

212 1907 273 1956 mole
290 1907 425 1968 potentibus
440 1909 516 1970 aquis,
532 1914 556 1956 et
573 1915 667 1957 enervet
685 1910 787 1958 memora
803 1914 920 1958 contacta.
955 1911 1032 1958 Causa
1052 1910 1190 1970 ignoratur:
1204 1909 1314 1970 potentia

207 1967 286 2027 fortis
296 1975 331 2018 est
343 1971 448 2032 armatu.
483 1973 589 2021 Naiades
599 1975 710 2022 dcerunt
726 1975 768 2022 sub
778 1973 896 2036 spelurwis
907 1973 981 2021 ldoea'a
989 1987 1089 2034 pueram
1099 1977 1180 2020 uatum
1192 1971 1313 2020 Mercurio
1409 1983 1415 1994 ·

207 2034 242 2080 'ex
253 2033 309 2082 diua
322 2035 479 2098 Cythereide,·
495 2037 559 2096 cajus
569 2038 647 2085 vultus
658 2043 720 2099 erat,
731 2039 757 2086 ia
767 2053 812 2100 quo
821 2043 890 2100 pater·
906 2041 930 2085 et
942 2042 1018 2084 mater
1030 2042 1123 2098 possem
1136 2037 1254 2095 dignosci:
1273 2035 1315 2084 ha·

211 2096 263 2144 huit
271 2099 343 2146 etiam
353 2100 542 2150 numerabiliter.
575 2100 608 2162 Is,
623 2101 705 2150 statim
718 2108 787 2165 atque
801 2101 907 2164 implerit
926 2116 1012 2150 ararum
1022 2101 1136 2148 dammum
1147 2100 1263 2162 quintum,
1276 2101 1314 2146 de·

211 2161 294 2210 stituit
304 2168 393 2212 montes
408 2169 527 2228 paternos,
538 2169 562 2213 et
573 2165 618 2214 Ida
629 2165 721 2234 nutrice
732 2169 827 2228 omissa,
836 2165 953 2227 gestiebat
965 2165 1049 2226 rugari
1064 2179 1109 2227 per
1123 2164 1207 2226 ignota
1217 2165 1276 2226 loca,
1288 2167 1312 2212 et

671 2299 845 2317 “mm

210 2380 389 2443 Staium-282
407 2381 516 2430 Plurimi
532 2383 623 2445 scripti
643 2382 671 2430 ah
689 2382 851 2431 imbra-283
869 2381 946 2430 Multi
966 2382 1063 2430 Milace.
1081 2382 1185 2430 Salmas.
1197 2381 1312 2432 Exercit.

210 2445 278 2492 Plio.
291 2460 316 2507 p.
326 2445 474 2507 laudaret,
485 2444 592 2494 differre
604 2447 728 2494 Smiluaem
738 2446 975 2494 effluerem—286
987 2446 1061 2493 Cant.
1072 2447 1202 2508 durosque3
1214 2447 1312 2494 Thuau.

204 2512 252 2556 ‘ta'
290 2523 328 2556 ue.
350 2509 422 2558 Laid.
444 2510 522 2558 etiam
543 2517 570 2558 et
591 2525 636 2558 sex
660 2511 704 2558 alii
726 2509 919 2557 emolliat-288
937 2509 1049 2558 Quidam
1071 2509 1137 2556 Dira
1158 2514 1181 2556 et
1206 2510 1312 2572 Cytisa·-

204 2569 259 2622 aui
303 2582 357 2622 rou.
375 2572 480 2634 Agaossv'
496 2574 684 2636 possent—292
711 2573 790 2621 Barb.
810 2573 913 2635 primum
933 2572 1092 2622 duait-295
1110 2570 1222 2622 abbatis
1244 2573 1312 2622 liber·

707 2718 813 2769 NOTAE

241 2828 288 2874 283
306 2823 418 2888 Smilace]
435 2827 527 2876 Puella
541 2831 657 2890 estque
677 2827 738 2876 Cro·
777 2829 895 2872 naturam
914 2821 1047 2900 induebat,
1067 2828 1097 2871 ut
1117 2821 1179 2870 iude
1201 2809 1310 2870 Herma-

209 2914 259 2968 con
270 2901 375 2962 amavit,
386 2918 436 2966 quo
457 2917 514 2951 cum
526 2903 607 2966 potiri
618 2918 668 2952 non
682 2917 738 2966 pos·
778 2899 922 2963 phroditus,
939 2899 989 2946 hoc
1001 2905 1050 2958 est,
1062 2904 1200 2962 utrumque
1219 2911 1309 2946 serrum

209 2983 251 3024 set
269 2976 295 3024 in
314 2977 433 3040 smilacis,
451 2993 508 3042 quae
526 2978 629 3028 hederae
649 2979 737 3028 similis
776 2974 885 3037 habens,
903 2974 1002 3022 exiret:
1022 2989 1072 3037 qua
1093 2989 1121 3022 re
1133 2972 1191 3022 fons
1209 2971 1311 3022 infamis

202 3053 250 3100 'est
267 3052 364 3114 planta,
375 3052 465 3103 florem
473 3061 573 3104 mutata
590 3060 645 3115 est;
662 3055 738 3104 sicuti
777 3049 871 3100 factus,
903 3049 980 3099 Unde
993 3049 1103 3099 veroilli
1116 3057 1189 3098 tanta
1200 3049 1248 3110 vis,
1259 3061 1311 3097 mc·

207 3133 236 3175 et
248 3127 344 3176 Crocus
355 3130 381 3178 in
393 3143 511 3179 crocum:
531 3145 676 3194 quanquam
687 3146 738 3180 nou
778 3129 827 3177 lius
839 3129 930 3176 ariter
943 3128 999 3190 ipso
1010 3127 1098 3176 Poeta
1110 3141 1277 3188 cognoscere.

202 3201 274 3250 huuc
293 3217 326 3250 ex
344 3201 441 3251 Amore
459 3203 486 3251 in
504 3203 593 3252 florem
604 3202 737 3266 defecisse,
811 3204 888 3264 Mate]
906 3203 974 3253 Quia
993 3203 1059 3249 viros
1076 3202 1102 3248 in
1114 3199 1231 3248 soeminas
1251 3214 1310 3262 par·-

206 3274 280 3324 seda
292 3277 435 3341 Mercurio,
445 3293 461 3327 a
472 3294 522 3342 quo
540 3294 588 3342 per
600 3279 684 3328 lusum
700 3281 737 3328 in·
778 3279 825 3328 tim
837 3277 1045 3338 transformabat,
1053 3277 1121 3341 quod
1133 3275 1250 3338 profecto
1258 3290 1309 3325 uon

207 3359 299 3401 cautus
310 3353 382 3402 disco
393 3354 555 3419 interceptus
572 3353 668 3416 suerat,
685 3371 738 3404 mu·
777 3355 834 3403 leve
846 3355 937 3403 vitium
950 3353 1080 3402 videbitur·
1097 3352 1250 3415 cuicumque
1258 3350 1308 3400 uie·

206 3434 289 3476 tatum
295 3427 373 3478 fuisse
379 3430 482 3492 quidam
490 3430 660 3480 tradiderunt.
670 3432 735 3494 Quae
777 3431 857 3479 minas
868 3432 894 3479 iu
907 3436 990 3479 totum
1000 3443 1052 3476 non
1064 3427 1231 3490 ignoraverit.
1293 3435 1295 3442 ’

198 3504 290 3555 ‘omnia
306 3504 405 3554 referre
422 3513 450 3554 et
461 3507 542 3570 pudet
558 3514 586 3556 et
598 3508 684 3570 piget3
704 3509 735 3557 si·
807 3510 856 3555 288
874 3503 986 3567 Parrum]
1005 3503 1251 3566 Hermaphroditum
1271 3502 1309 3550 di·

199 3580 310 3647 ‘quidem
338 3581 464 3644 ejusmodi
481 3583 595 3632 ventosis
621 3583 735 3646 ineptiis,
775 3581 812 3629 cit
822 3579 1031 3629 formosissimum
1044 3577 1207 3641 eundemque
1219 3581 1309 3627 castis·
1390 3643 1392 3647 ι

199 3661 327 3707 'currente
342 3656 446 3706 interim
469 3656 571 3715 caduca
589 3659 649 3706 vitae
668 3665 733 3719 rota,
774 3655 863 3704 simum
886 3655 1011 3704 Mercurii
1034 3660 1062 3702 et
1085 3653 1195 3702 Veneris
1218 3652 1308 3717 filium,

198 3722 327 3781 'dumhuc
338 3731 399 3781 illuc
413 3732 577 3796 impellimur,
588 3747 603 3780 a
614 3738 687 3782 retto
697 3748 734 3783 so·
774 3731 815 3780 cui
829 3731 909 3795 patris
920 3739 948 3779 et
959 3731 1049 3780 matris
1058 3730 1162 3779 nomina
1172 3743 1249 3777 unum
1262 3743 1307 3778 no-

201 3808 265 3858 lidae
286 3815 313 3858 et
331 3815 435 3856 aeternae
455 3807 570 3856 veritatis
584 3809 697 3869 tramite,
709 3809 734 3856 in
774 3821 833 3855 men
845 3807 908 3854 illud
920 3804 1039 3854 lecerunt
1050 3805 1117 3868 apud
1131 3804 1247 3854 Graecos.

205 3898 256 3948 qua
277 3884 331 3933 sola
349 3883 421 3950 quies
440 3889 467 3930 et
487 3898 611 3933 summum
630 3884 733 3947 bonum,
806 3886 854 3931 289
879 3880 962 3954 ideis]
987 3881 1043 3929 ldae
1066 3879 1189 3942 Phrygiae
1212 3879 1306 3928 montis

205 3974 352 4010 avocamur.
775 3957 987 4006 decantatissimi.
1164 3965 1167 3974 ’

196 4037 211 4054 ’·
237 4040 284 4084 288
312 4035 423 4099 iufamia]
450 4036 511 4085 Fuit
532 4035 655 4084 Salmacis
677 4034 734 4086 fons
806 4037 854 4081 292
874 4032 1004 4094 iliacam]
1021 4032 1085 4081 Cum
1106 4033 1218 4096 primum
1236 4030 1306 4080 deci·

197 4112 299 4173 Caria,
318 4112 345 4160 in
365 4127 439 4176 quem
451 4105 613 4176 'quicumque
634 4112 673 4160 vir
691 4111 735 4160 de·
773 4123 842 4159 mum
854 4109 972 4174 quintum
983 4123 1075 4160 aunum
1087 4110 1225 4176 attigisset.

204 4187 343 4238 scanderet
353 4187 577 4250 itamollistiebat,
586 4184 733 4237 etfoeminaa
946 4191 949 4196 ’
