2840 4766
200 329 287 406 loun
483 403 501 408 ,,
568 347 602 402 u.
625 345 746 402 ovrnu
770 343 932 398 uusours

202 487 302 572 sepe
316 487 455 553 subhac
470 487 624 571 Dryades
638 486 743 551 festus
758 487 884 550 duxere
900 486 1054 550 choreus:
1124 477 1126 482 ’

202 589 303 672 Saepe
316 590 427 666 etiam,
441 589 593 652 munibus
607 589 704 652 nexis
716 607 759 651 ex
775 587 902 663 ordine,
917 588 1025 650 trunci

202 689 369 754 circuiere
382 690 536 753 modum:
557 707 774 770 mensuraque
787 687 916 750 roboris
931 687 1028 750 ulnas

152 801 156 810 ·
203 787 359 872 Quinque
371 794 421 862 ter
434 788 612 871 implebat:
634 805 696 851 nec
710 805 774 875 non
788 794 820 850 et
834 791 944 852 cetere
957 793 1056 852 touto-

201 889 305 977 Sylvu
317 890 465 967 subhac,
479 890 574 972 sylva
588 898 709 972 quanto
716 889 808 971 jacet
820 877 922 950 herba
935 888 998 950 sub
1012 888 1112 952 omni.
1235 888 1301 952 750

199 987 279 1066 Non
296 977 408 1057 tamen
421 988 545 1057 idcirco
559 989 678 1054 ferrum
692 987 869 1071 Triopeius
884 987 943 1050 illa

199 1089 395 1172 Abstinuit3
417 1091 625 1174 famulosque
634 1092 730 1174 jubet
745 1089 915 1158 succidere
930 1109 1060 1158 sacmm

202 1190 338 1256 Robur:
361 1198 394 1255 et
407 1195 446 1256 ut
454 1190 573 1274 jussos
588 1191 740 1255 cunctari
755 1190 850 1266 uidit,
873 1191 916 1254 ab
931 1211 998 1255 uno

201 1289 321 1358 Edidit
331 1293 405 1358 haec
419 1297 517 1380 rapta
530 1293 710 1358 sceleratus
724 1294 826 1366 verba
841 1294 970 1362 securi:
1326 1351 1330 1357 .

202 1392 282 1460 Nou
292 1393 414 1460 dilectu
430 1395 511 1460 Deae
528 1395 647 1476 solum,
658 1395 717 1460 sed
732 1401 764 1468 et
774 1396 851 1477 ipsa
860 1394 976 1460 licebit
1234 1393 1303 1462 755

201 1493 257 1559 Sit
270 1495 356 1573 Dee,
374 1485 449 1583 jum
462 1502 573 1577 tanget
583 1495 757 1562 frondeum
772 1496 943 1562 cacumine
957 1501 1087 1563 terrum.

203 1594 321 1676 Dixit3
343 1602 387 1675 et,
403 1597 560 1679 obliquos
575 1598 654 1662 dum
668 1598 770 1664 telum
784 1598 882 1662 librat
895 1599 1054 1683 inlotus,

200 1696 418 1779 Contremuit,
434 1703 655 1784 gemitumque
670 1701 763 1768 dedit
777 1701 888 1764 Deoia
902 1719 1063 1782 quereus:

201 1912 412 1976 complectebantur
420 1914 529 1964 medium.
555 1913 667 1977 Dryades
677 1913 829 1974 agitauerunt
836 1927 898 1976 σερε
903 1911 1005 1972 sentium
1014 1911 1109 1961 ctorem
1118 1911 1161 1960 rub
1171 1927 1208 1962 eu.
1235 1911 1306 1977 Soepe

202 1975 276 2026 etium
285 1978 393 2027 mundus
402 1977 533 2037 coniunctis
542 1993 573 2027 ee
584 1977 674 2039 ordine,
685 1979 811 2040 cunctere
820 1983 875 2026 eunt
885 1977 1072 2038 magnitudinem
1082 1976 1190 2038 utpium·
1204 1981 1230 2026 et
1240 1991 1307 2028 men·

202 2055 259 2090 euro
268 2041 319 2102 qius
329 2041 467 2105 cunquubot
476 2043 608 2107 quindecim
625 2044 709 2095 ulum:
724 2047 796 2104 etque
814 2041 910 2106 relique
921 2041 1014 2090 orlorer
1032 2056 1079 2089 nou
1089 2041 1167 2090 minus
1177 2041 1233 2089 tute
1243 2040 1306 2102 inie-

202 2105 277 2154 riorer
287 2110 363 2168 erunt,
380 2121 449 2169 quum
459 2107 532 2156 terto
542 2111 578 2155 eut
588 2104 654 2166 infre
665 2105 854 2156 omnerortorer.
887 2106 942 2154 Nou
955 2109 1031 2154 tomen
1041 2106 1092 2154 ideo
1105 2105 1228 2167 liiopeius
1236 2119 1304 2154 um-

203 2169 236 2218 tit
246 2171 346 2219 meurim
355 2171 385 2219 nt
401 2171 459 2227 illo,-
477 2176 546 2235 etque
555 2171 632 2220 cereto
641 2171 742 2234 imperet
753 2170 889 2220 munden
899 2184 990 2218 menum
1000 2170 1107 2230 tignum:
1124 2175 1195 2232 oeque
1205 2174 1233 2218 ut
1242 2169 1305 2219 etnu

199 2233 277 2296 juror
286 2235 385 2295 morari,
393 2239 501 2297 correpte
510 2235 586 2284 securi
592 2235 622 2283 od
629 2250 674 2283 uno
680 2235 788 2285 scelestus
825 2233 894 2283 otulit
901 2234 942 2282 leue
948 2247 1025 2282 rocon:
1037 2233 1176 2296 Quanquam
1183 2248 1229 2284 uon
1236 2234 1305 2282 modo

204 2298 238 2346 uit
247 2299 307 2347 Deoe
315 2298 436 2362 Nympha
444 2314 509 2361 roro,
516 2303 558 2348 red
568 2305 592 2348 et
599 2301 651 2362 ipre
656 2297 778 2360 Dumium
799 2300 859 2348 eriet
869 2299 942 2346 nolum
946 2295 1059 2356 frondoso
1068 2297 1175 2346 culmine.
1182 2296 1306 2358 Dixinet,

203 2363 261 2412 dum
271 2363 333 2412 tollit
343 2362 464 2427 bipennem
472 2364 497 2414 in
508 2365 570 2414 terne
576 2364 691 2427 muqun,
701 2377 799 2428 quereus
807 2364 895 2416 Deioiu
904 2361 1044 2414 contremuit
1054 2366 1078 2410 et
1086 2363 1195 2422 gemuit:
1210 2365 1235 2410 et
1240 2360 1305 2422 solie

205 2599 273 2648 libro
283 2599 360 2649 surii
369 2600 554 2665 uliieqnenett.
567 2601 688 2651 circuiere
697 2603 753 2651 sine
761 2617 802 2651 m:
817 2615 882 2650 onus
893 2600 965 2651 Med.
979 2601 1129 2648 Concurrere.
1141 2600 1216 2648 Unus
1225 2598 1306 2649 etium

206 2663 281 2712 laeld.
291 2665 385 2712 domum
393 2678 440 2726 pro
457 2667 639 2714 modurn—loo
654 2665 699 2714 Sic
715 2666 807 2716 Heius.
817 2664 954 2714 emendet:
971 2665 1041 2726 vulg.
1053 2664 1118 2712 Edd.
1129 2664 1182 2722 lune,
1192 2669 1307 2726 quantum

200 2726 254 2789 jerit
270 2726 294 2776 ln.
312 2727 354 2776 ml
373 2729 424 2778 illu.
441 2729 517 2780 FLS.
531 2729 624 2791 Murci,
647 2730 777 2792 Bernqu.
794 2744 834 2792 pr.
854 2729 1000 2792 Humburg.
1013 2729 1089 2778 Cunt.
1130 2743 1151 2778 r.
1163 2727 1246 2778 Gron.
1265 2743 1307 2791 pr.

206 2797 269 2841 tert.
279 2798 365 2855 quart.
386 2791 459 2842 Med.
470 2793 584 2858 spirens.
596 2800 624 2842 et
643 2794 687 2845 ulii
699 2793 782 2856 multi,
792 2798 860 2842 tento
870 2799 898 2843 et
915 2798 1007 2856 quanto.
1041 2743 1151 2852 Drinio,
1165 2791 1218 2851 suit
1229 2779 1303 2844 lenio

206 2854 250 2904 rud
259 2857 323 2904 omni
334 2856 360 2904 in
380 2857 511 2923 plerisque
529 2857 755 2920 castigatioribos3
772 2857 820 2907 uisi
835 2856 905 2921 quod
924 2857 950 2906 in
970 2872 1011 2920 pr.
1022 2854 1119 2908 Erfort.
1132 2871 1172 2919 pr.
1184 2856 1268 2908 Gron.
1279 2862 1308 2908 et

205 2934 257 2968 uno
268 2919 381 2983 Heinuii,
394 2921 462 2981 joret
472 2921 594 2972 tenuaret
605 2924 678 2972 omni.
694 2923 743 2972 Ro.
762 2921 834 2985 Sylva
845 2925 958 2984 quonium
969 2921 1023 2982 fuit
1041 2919 1113 2970 uerbo
1134 2919 1176 2968 sul
1187 2921 1249 2970 ille.-
1267 2935 1307 2983 pr,

207 2983 279 3034 Med.
289 2985 435 3047 quontosuit
452 2985 575 3036 Mdnsub
591 2986 763 3035 arbore-⁷61
782 2987 896 3035 Berolin.
918 2987 971 3035 Nee
981 2990 1068 3034 tomen.
1086 2984 1198 3034 Quidam
1215 2985 1308 3034 volunt

207 3049 350 3112 Druupeiuu,
360 3057 389 3099 et
401 3053 439 3100 sic
451 3064 539 3100 omnes
549 3051 615 3100 Mus.
635 3056 702 3100 teste
718 3049 818 3114 Glerig.
834 3049 950 3098 Berolim
963 3051 1014 3098 Dr.
1024 3049 1053 3096 od
1064 3048 1196 3097 itu.-⁷oe
1213 3048 1308 3098 Heius.

208 3127 266 3162 cum
284 3127 333 3161 uno
353 3128 399 3162 suo
411 3115 498 3164 mullet
511 3114 661 3178 somniisque.
677 3115 737 3164 Bur.
755 3114 834 3163 etism
852 3114 938 3162 euecid.
949 3116 1146 3161 turoneum—753
1165 3113 1199 3161 0.
1211 3118 1241 3161 et
1252 3119 1307 3161 tren

196 3175 250 3225 'ulii
269 3176 299 3224 ul
315 3191 373 3233 ore;
400 3179 463 3226 Lon.
482 3177 511 3226 od
533 3193 595 3228 unu:
618 3178 710 3228 Heius.
728 3179 844 3228 malebat
860 3179 891 3226 ud
910 3191 991 3238 unum,
1010 3175 1166 3225 neil'edidit
1182 3175 1309 3225 verbu-

206 3243 256 3288 754
273 3240 388 3288 Burolin.
401 3243 448 3292 Ed.
459 3247 631 3305 ereptor-ido
647 3242 709 3293 Jun.
727 3242 773 3305 ipe.
792 3242 979 3304 liquebit-ror
996 3239 1110 3289 Beroliu,
1128 3241 1201 3288 tetum
1211 3241 1308 3290 donn-

206 3307 257 3352 758
275 3303 345 3352 Olim
357 3305 434 3354 edelr.
445 3308 497 3356 ded.
508 3306 606 3356 dedduo
614 3320 691 3368 querc.
706 3305 775 3370 quod
786 3305 890 3369 quidem
901 3305 927 3354 in
938 3306 1048 3355 Dodonia
1058 3303 1211 3353 mutabant:
1228 3303 1310 3360 Decio

207 3373 250 3416 eut
258 3380 292 3414 ex
302 3367 393 3418 Heius.
405 3370 506 3418 emend.
516 3369 564 3418 usu
571 3371 614 3428 mir
624 3371 708 3427 Δηοῦς·
717 3384 775 3420 uem
788 3369 888 3418 uariunt
899 3369 982 3417 Codd.
993 3369 1131 3418 Deoulnere
1141 3383 1239 3431 quercus
1251 3369 1308 3432 plu·

207 3429 265 3490 rimi
277 3438 341 3479 vett.
353 3433 466 3482 nonnulli
475 3435 579 3484 deeiduoe
588 3437 677 3497 (quum
687 3433 842 3497 scripturum
852 3433 960 3482 Vossius
970 3431 1030 3482 Art.
1042 3433 1130 3482 Grum.
1142 3446 1174 3482 11.
1183 3437 1255 3482 5.,17.
1267 3438 1311 3481 est·

205 3495 350 3556 amplexus,
360 3494 405 3544 ned
425 3505 584 3560 repugnante
596 3495 690 3561 metro)
701 3499 753 3560 vel,
757 3498 811 3559 jum
820 3498 912 3558 decido,
923 3497 974 3559 uel,
983 3511 1039 3545 mox
1047 3497 1135 3546 decido.
1169 3497 1211 3544 Ex
1222 3503 1310 3545 vetus·
1375 3531 1380 3544 .

206 3557 314 3608 tloribur
326 3559 366 3608 Fl.
375 3559 402 3608 S.
422 3561 515 3623 Murci,
527 3562 562 3610 N.
580 3561 711 3624 Bernegg.
723 3575 762 3625 pr.
773 3561 918 3624 Hemborg.
936 3575 976 3624 pr.
994 3561 1027 3609 V.
1045 3575 1098 3610 nec.
1110 3566 1171 3609 tert.
1184 3560 1258 3608 Med.
1270 3575 1308 3620 pr.

209 3621 292 3672 Gron.
311 3623 432 3688 Noricos,
453 3632 481 3674 et
499 3638 545 3673 sex
566 3624 620 3687 ulii,
631 3625 743 3675 Deoida:
759 3625 839 3678 Deidu
850 3625 923 3690 prim.
944 3625 1002 3674 Pul.
1021 3629 1049 3674 et
1060 3638 1101 3687 pr.
1118 3625 1186 3674 Mor.
1206 3625 1310 3674 Tteoidn

702 3779 814 3832 NOTAE

241 3896 290 3944 746
306 3891 429 3959 Dryades]
450 3892 679 3960 Nymphaeque
700 3895 738 3945 in·
776 3887 853 3948 filiun.
891 3949 894 3954 ,
965 3905 968 3912 ’
1233 3953 1235 3958 ,

204 3969 333 4030 colentes,
353 3982 462 4034 quarum
477 3969 532 4020 vitu
548 3969 576 4020 iu
592 3971 737 4035 quercubus
809 3974 857 4019 755
873 3967 945 4031 Dee]
966 3966 1066 4029 Cereri,
1072 3964 1182 4026 scilicet.

204 4044 363 4108 presertim,
382 4043 505 4109 aquibus
523 4057 617 4094 nomen
633 4054 739 4110 uceepe·
809 4051 857 4096 758
874 4045 966 4109 Deoia]
974 4043 1101 4104 Cerealia
1112 4041 1158 4092 ἀπὸ
1168 4042 1217 4102 riu
1223 4045 1306 4106 Δηοῦς,
1405 4067 1406 4090 r

210 4122 285 4184 runt.v
779 4121 909 4173 uCerere.

242 4194 290 4239 751
309 4189 441 4257 Τήῳείιιε]
450 4194 752 4259 ΕῐῑεῑοΙηΙιοιι,Τήορω’
