2838 4774
186 341 273 408 luto
501 363 524 374 ⁴·
558 358 590 405 r.
614 355 734 406 ovrnu
758 355 920 406 ursonis
1002 353 1007 384 ³

187 503 357 579 Protinus,
373 504 409 566 nt
423 505 517 566 secto
530 503 639 587 picem
654 504 699 568 de
710 503 834 567 cortice
848 501 962 582 gutte,

192 603 277 670 Utve
291 606 394 666 tenax
409 601 549 684 gravida
562 608 674 667 manat
687 603 807 667 tellure
821 603 966 667 bitumen
978 621 988 678 3

187 705 279 770 Utve
295 705 358 769 snb
373 704 549 768 adventurn
565 705 723 788 spirantis
735 704 811 768 ,lene
826 703 955 768 Favoni
1221 701 1292 768 660

188 807 267 873 Sole
281 804 486 881 remollescit,
502 825 579 888 quee
593 805 712 887 frigore
728 804 882 890 constitit
896 802 1001 868 undo:

188 909 247 974 Sic
261 905 419 988 lucrymis
434 911 609 971 consumta
623 907 692 970 suis
709 905 872 970 Phoebeia
887 905 1005 986 Byblis
1054 957 1057 966 ,

187 1007 337 1073 Vertitur
350 1008 385 1071 in
399 1006 534 1084 fontem,
550 1007 608 1090 qui
623 1025 711 1070 nunc
725 1023 858 1089 quoque
872 1006 1016 1070 vallibus
1027 1005 1096 1070 illis

190 1108 325 1174 Nomen
337 1108 439 1173 habet
452 1108 615 1187 dominae3
637 1105 796 1190 nigraque
809 1107 872 1170 sub
886 1106 965 1170 ilice
979 1110 1102 1171 monet

376 1369 465 1472 Fun.
487 1405 540 1472 X.
586 1407 683 1491 Iphis
697 1428 741 1473 ex
755 1405 891 1490 Virgine
902 1407 935 1470 in
948 1406 1104 1472 Puerum.

190 1591 321 1640 Primos
341 1596 381 1642 est
400 1592 524 1656 oppidum
541 1592 566 1640 ln
583 1591 665 1642 insule
684 1594 784 1648 Crete..
810 1590 862 1639 Hie
879 1589 976 1653 Ligdus
996 1602 1127 1652 generose
1143 1587 1242 1652 stirpis,
1260 1601 1294 1640 so

221 1671 373 1735 prestantis
382 1671 453 1730 fidei,
464 1687 522 1721 enm
535 1673 654 1736 petiisset
666 1689 681 1721 e
691 1673 832 1722 Telethusa
840 1670 959 1733 conjuge,
970 1674 1008 1731 ut,
1020 1669 1040 1717 si
1051 1669 1162 1731 puellum
1175 1676 1310 1733 pareret,¹

222 1756 343 1810 neesret3
360 1751 381 1799 si
394 1765 500 1813 puerum
517 1759 613 1812 autem,
624 1750 741 1798 sobolem
757 1749 848 1812 petriae
860 1755 991 1808 servorem
1009 1754 1036 1798 et
1047 1755 1157 1812 uterque
1169 1763 1218 1812 pro
1229 1763 1294 1799 cusu

211 1829 311 1881 ‘futuro
329 1831 456 1894 lacrymas
468 1830 609 1892 dedissent,
616 1834 700 1879 meter
715 1827 840 1892 nequiens
859 1823 952 1877 efferre
967 1841 1055 1876 msons
1065 1826 1135 1890 filie,
1155 1827 1252 1878 Isidem
1265 1829 1294 1878 in

222 1909 297 1959 melis
313 1909 405 1960 habuit
421 1910 533 1960 anxilio:
559 1909 630 1973 eujus
650 1908 773 1973 pollicitis
792 1908 837 1957 ills
855 1905 980 1956 infantem
1000 1922 1048 1970 pro
1068 1922 1159 1973 puero,
1176 1908 1294 1973 decepto

223 1996 300 2056 petre
318 1989 365 2039 tilii
383 1989 513 2054 opinione,
530 1990 649 2040 nutrivit.
681 1990 799 2054 Namque
819 2003 876 2038 cum
896 1993 959 2038 setas
978 1995 1080 2038 mature
1094 1988 1191 2051 nuptiis
1207 1988 1294 2040 inere·

223 2071 313 2133 visset,
325 2070 389 2119 nihil
403 2069 535 2133 suspicans
554 2078 639 2134 puter,
658 2069 796 2119 obstrietus
806 2067 858 2118 fide
879 2068 1005 2132 conjugis,
1023 2069 1133 2118 Ianthen
1143 2085 1176 2118 ex
1186 2069 1294 2120 Teleste

225 2151 339 2215 genitam
351 2148 497 2213 despondit.
530 2151 580 2202 Qui
591 2152 661 2200 inter
671 2165 700 2200 se
712 2165 771 2200 eum
789 2150 862 2215 gravi
882 2163 968 2198 emore
979 2156 1167 2213 premerentur,
1178 2151 1293 2202 menime

224 2230 296 2296 Iphis
307 2229 367 2296 (hoc
379 2231 445 2279 eninr
457 2237 534 2293 peter
551 2230 652 2280 nomine
671 2231 713 2279 avi
731 2245 790 2280 eum
809 2230 897 2278 vocari
913 2230 1043 2294 volueret)
1060 2230 1209 2293 trepidante
1228 2245 1293 2296 ergo

223 2310 443 2374 rnntre,ne1phis
459 2312 544 2376 puelle
562 2325 620 2360 curn
637 2310 741 2361 infamia
758 2311 927 2375 reperiretur,
945 2310 1035 2359 endem
1046 2309 1166 2361 Deafnit
1184 2311 1292 2362 anxilio.

224 2393 294 2442 Nem
305 2396 335 2440 ut
348 2391 409 2441 totis
418 2391 517 2456 nuptiis
523 2391 612 2456 jugeri
622 2398 737 2456 possent,
748 2391 825 2455 Iphin
835 2391 861 2440 in
873 2405 980 2454 puerum
991 2388 1194 2454 transfiguravit.

192 2541 317 2628 From
333 2562 412 2625 novi
427 2566 555 2626 centum
568 2561 716 2626 Cretaeas
730 2560 868 2624 forsitan
881 2541 980 2626 urbes
1226 2563 1295 2631 665

194 2663 372 2746 Implesset
384 2665 522 2727 monstri
535 2682 543 2741 ;
567 2665 677 2726 sinon
691 2662 852 2726 miracula
866 2682 969 2747 nuper

131 2825 134 2834 ,
195 2763 314 2848 Iphide
326 2768 455 2828 mutata
469 2763 568 2828 Crete
584 2763 739 2849 propiora
756 2764 897 2829 tulisset.

193 2982 353 3046 pioeoestuunt
362 2985 487 3035 decortice
496 2985 575 3048 sehon,
584 2987 621 3035 oei
627 2985 772 3046 glutinosum
782 2984 886 3034 litum
896 2989 999 3033 exterra
1009 2984 1231 3048 summotaque,
1241 3001 1296 3050 qua

194 3048 341 3109 conglaciato
347 3054 383 3098 est
387 3048 493 3111 frigore,
503 3052 608 3113 liquescit
615 3051 670 3100 Sole
676 3050 719 3099 suh
727 3053 852 3099 adrentum
860 3049 1154 3112 Fnoouiiieniterfluntis3
1163 3049 1198 3098 sie
1206 3051 1296 3115 Byblis

196 3111 309 3161 Phnhein
320 3113 435 3162 exhausta
444 3115 493 3162 suis
507 3115 617 3178 lucrymis
634 3119 739 3163 mutatur
748 3115 883 3176 insontem,
893 3114 934 3176 qui
951 3114 1020 3162 hodie
1035 3115 1107 3163 etium
1122 3113 1191 3162 uniet
1209 3129 1296 3166 nom

196 3175 650 3243 dontiuoeinillisoeltidus,otquefluit
659 3179 864 3240 sodotrnquereu.

189 3275 191 3282 ,
228 3239 352 3301 1.an
369 3244 469 3291 recentis
484 3243 591 3304 prodigii
605 3242 747 3306 implevisset
764 3243 833 3291 eries
852 3242 992 3301 Cretensem
1006 3241 1054 3290 nisi
1072 3241 1146 3291 Creta
1163 3257 1239 3307 nuper
1255 3250 1295 3294 tu·

190 3301 261 3353 iisset
281 3311 385 3354 mmutrn
401 3305 512 3370 propiore
534 3306 619 3370 Iphide
639 3311 806 3358 transmutato.
838 3307 903 3356 Num
923 3311 989 3356 terre
1007 3306 1115 3355 Phoesiin
1131 3306 1294 3371 etcinerem

653 3445 827 3464 mm

195 3539 242 3589 lin.
251 3554 329 3602 grem
340 3539 416 3600 risis,·
429 3548 459 3592 et
471 3542 592 3595 Heidelh.
612 3546 673 3594 einis
690 3545 800 3596 sortasse
839 3561 866 3596 ro
882 3547 1063 3597 eodem—fidi)
1078 3548 1189 3598 Plurimi
1200 3549 1296 3614 scripti

196 3603 239 3654 sub
259 3605 448 3655 adventu—661
466 3607 538 3658 Med.
556 3611 647 3658 remoti.
664 3615 799 3673 qum—668
840 3612 872 3661 el.
884 3617 912 3660 et
924 3611 1029 3662 drroalii
1046 3627 1111 3676 orsos.
1122 3613 1216 3678 finibus
1235 3615 1295 3664 iltis.

197 3667 244 3720 Pr.
255 3667 289 3720 Α.
300 3668 351 3719 dnn
362 3669 431 3719 Mor.
444 3670 544 3723 Arund.
556 3673 622 3723 alter
633 3673 776 3739 Hsmhurg.
788 3680 815 3724 et
830 3689 895 3724 unus
905 3675 997 3726 Heius.
1008 3677 1062 3726 oeli.
1073 3677 1220 3728 inite-66⁷
1237 3679 1297 3730 Mu·

638 3897 642 3904 ,
685 3842 793 3894 ΝΟΤΙΕ
881 3866 884 3872 ·

193 3967 340 4016 ministrare
350 3967 484 4031 lacrymas.
511 3969 604 4035 Neque
615 3969 724 4021 absimili
763 3979 850 4036 tenax,
874 3987 1020 4038 quenquam
1041 3975 1172 4038 sulphurei
1194 3975 1296 4040 odoris,

196 4042 298 4092 retlnne
316 4058 404 4094 omnes
422 4046 532 4110 denique
549 4046 661 4109 improbi
676 4063 723 4110 pn·
762 4045 795 4096 de
805 4062 855 4112 qno
866 4048 966 4111 prolixe
977 4048 1077 4098 Plinius
1087 4063 1175 4102 xxxv.
1186 4055 1227 4103 15.

194 4114 305 4166 nientur.
793 4128 841 4172 665
860 4126 977 4190 cretone]
992 4126 1069 4176 Unde
1079 4127 1187 4178 Miletus
1201 4143 1294 4182 exees-

230 4193 279 4238 659
296 4191 418 4256 flumen]
442 4195 528 4246 Limus
547 4195 723 4249 videturesse
761 4204 839 4250 seret.
