2838 4774
420 353 775 422 uerrucaruoenou
800 376 872 427 arn.
896 381 936 431 x.
1139 377 1225 449 1443

127 477 208 544 Nou
220 485 295 550 tulit
308 487 367 554 illu
379 509 522 562 moram:
545 504 751 594 venientique
763 516 863 582 obvia
875 520 990 604 ligno·
1056 533 1059 540 '

122 579 306 652 Subsedit:
328 593 510 680 mersitque
521 619 601 672 euos
613 605 649 669 iu
663 613 922 687 cortice‘vultus.

122 673 229 764 Qure,
243 708 432 776 quanquam
448 701 564 767 amisit
577 711 798 780 veteres'cum
814 729 954 806 corpore
968 743 1098 815 seusus,
1280 799 1283 814 ,

121 782 199 850 Flet
214 792 344 858 tamen:
366 801 400 859 et
414 801 538 882 tepidae
552 815 742 880 munuutex
756 820 872 886 arbore
887 835 1001 906 grrttae.
1113 893 1115 895 .
1155 841 1223 908 600

120 881 186 950 Est
199 887 305 957 bonor
315 901 349 960 et
363 897 538 983 lacrymis:
562 909 756 997 stillataque
768 923 892 988 cortice
911 927 1049 1013 Myrrha
1081 937 1084 944 '

121 984 258 1054 Nomen
272 993 374 1062 herilo
388 1005 511 1084 teuent,
523 1010 673 1095 nullique
686 1016 850 1088 tacebitur
865 1045 953 1094 aevo.

119 1290 212 1361 Fau.
235 1296 286 1362 X.
331 1301 388 1368 Ex
401 1310 567 1377 connubio
583 1312 730 1397 Myrrhae
745 1325 779 1386 et
791 1323 923 1412 Cinyrae
937 1333 1064 1402 incesto
1074 1295 1220 1411 Adonis.⁸

116 1455 163 1506 Ex
180 1459 295 1523 Myrrhae
313 1471 341 1514 et
361 1467 465 1534 Cinyrm
485 1474 586 1528 incesto
605 1482 743 1536 concubitu
760 1488 794 1538 ob
812 1491 876 1542 iram
888 1495 998 1548 Veneris
1015 1511 1156 1568 conceptus
1175 1516 1218 1559 ert

148 1535 243 1590 inians.
275 1543 357 1594 Verre
368 1549 434 1599 euim
448 1551 555 1616 Myrrha
573 1558 600 1606 in
612 1558 734 1614 arborem'
744 1567 783 1616 eui
794 1572 903 1622 nominis
919 1579 1041 1646 nascitur,
1057 1599 1133 1648 quem
1147 1586 1217 1637 Ado·

147 1629 208 1666 uem
224 1625 422 1684 cognominant:
440 1645 516 1695 quern
531 1635 619 1687 Venus
638 1653 689 1689 nou
710 1645 762 1694 min

149 1695 269 1761 Cinyram
280 1702 416 1770 dilexerat,
428 1710 555 1764 beneficio
566 1717 711 1781 Cupidinis.

114 1811 185 1898 Ar
200 1841 287 1904 male
300 1851 481 1928 conceptus
496 1853 561 1915 snb
574 1857 691 1922 robore
706 1873 855 1936 creverat
868 1870 977 1936 iulans
990 1897 999 1954 ;

118 1934 367 2026 Quaerebatque
381 1947 482 2027 vium,
500 1972 568 2035 qua
582 1975 629 2034 se,
645 1963 803 2042 genitrice
817 1969 946 2050 relicta,

112 2035 297 2106 Exereret:
318 2046 430 2110 media
442 2053 599 2131 gravidus
614 2063 716 2123 tumet
730 2065 844 2131 arbore
856 2075 979 2136 venter.
1148 2084 1213 2150 505
1271 2084 1277 2100 “

110 2136 237 2230 Tendit
250 2161 334 2208 onus
347 2153 506 2216 matrem:
529 2173 591 2220 nec
602 2155 724 2226 habent
738 2184 799 2228 sua
815 2171 916 2233 verba
931 2173 1081 2242 dolores:

30 2615 32 2617 -
107 2586 148 2636 ert
158 2599 244 2638 somer:
257 2591 376 2657 liertiae,
386 2611 458 2659 neque
466 2601 560 2651 ditatio
565 2612 685 2666 premier
695 2611 743 2658 nilo
752 2617 829 2664 atate.

140 2663 170 2700 x.
189 2654 225 2700 At
232 2657 419 2718 paerfirgttiore
429 2669 547 2714 coemeter
560 2673 643 2718 caeter
652 2677 704 2722 erut
714 2674 757 2724 snb
768 2676 841 2742 liguo,
859 2685 883 2728 et
893 2682 1012 2746 quaerebat
1022 2684 1078 2743 iter,
1094 2691 1142 2750 'quo
1150 2705 1206 2754 pro-

104 2721 228 2776 nepae:
238 2723 314 2768 matre
323 2723 444 2772 demeto.
477 2727 565 2778 Plenas
572 2735 653 2782 arena
660 2740 775 2799 turgescit
785 2741 810 2789 ia
817 2743 892 2792 medio
902 2746 992 2797 arbore.
1024 2749 1126 2800 &urcino
1135 2752 1207 2818 inflat

104 2782 225 2838 matrerm
240 2796 312 2845 neque
330 2787 419 2836 dolores
433 2788 520 2839 hubent
536 2807 591 2844 suus
608 2812 688 2848 coca:
712 2817 785 2866 nemu
800 2805 892 2860 Laetae
906 2816 983 2870 poten
999 2815 1113 2875 oppetunt
1129 2818 1207 2866 uerbis

570 2919 747 2942 mom&

104 2983 222 3035 scribere
234 2991 356 3050 potuerit.
383 2993 483 3057 Siquid
494 2999 653 3063 mutandum,
663 2989 761 3067 mallet,
771 3008 969 3060 induerat-499
979 3011 1205 3078 Duo‚decoryrore,·
1276 3056 1280 3068 .

105 3056 228 3112 quatuor,
236 3052 263 3102 ia
273 3063 456 3116 corpore—5⁰0
472 3059 525 3108 Alii
535 3077 567 3110 er
577 3077 680 3126 corpore,
691 3069 734 3116 vel
744 3071 843 3130 emite,-
858 3073 904 3122 alii
913 3076 943 3122 de
950 3089 1045 3138 eornm
1053 3079 1094 3128 vel
1103 3083 1205 3130 cortice:

103 3127 171 3162 unns
183 3116 263 3164 etiam
284 3118 364 3168 Grou.
382 3135 413 3170 ex
429 3124 691 3192 amegarra-501
709 3132 822 3183 Quidam
840 3137 899 3186 still.
917 3141 1205 3202 commonitionibus.—

103 3180 154 3228 508
171 3177 285 3242 Neltr'qao
295 3193 329 3234 ex
344 3197 394 3234 uuo
413 3183 525 3236 stro-ro
544 3189 618 3238 dedit
629 3192 722 3243 Heius.
739 3210 787 3258 pro
803 3199 873 3267 vulg.
888 3202 1085 3264 mleque-aot
1102 3205 1135 3254 Iu
1145 3221 1204 3258 voc.

104 3240 236 3292 Eum
247 3243 311 3294 mire
322 3246 425 3296 varient
436 3250 557 3312 codices:
573 3267 638 3303 uuus
655 3257 790 3323 Extremi,
808 3262 875 3312 alter
893 3263 993 3329 Eximi,
1004 3281 1067 3316 noue
1080 3269 1186 3324 limeret
1192 3287 1203 3329 ,-

102 3302 217 3368 denique
228 3307 375 3365 Extrctmt
384 3312 539 3382 aliua-stin
556 3317 608 3366 Pro
619 3324 717 3371 mrtrm
728 3324 763 3374 Ν.
773 3330 878 3376 vertras:
887 3343 899 3386 ,·
915 3329 962 3379 red
969 3326 1106 3394 praecessit
1113 3340 1203 3386 omer.

597 3445 704 3499 noun
733 3427 736 3434 “

133 3548 185 3596 498
200 3537 322 3612 Subsedit]
339 3549 423 3603 Mora:
439 3549 578 3616 impetierit
591 3571 634 3616 se·
664 3615 667 3622 ¹
673 3563 933 3634 pretiosissimumque
951 3574 1079 3634 myrrham
1093 3575 1202 3628 emittit.

99 3619 186 3682 ipsam
198 3622 307 3684 Myrrha
319 3639 374 3689 prae
391 3626 479 3678 dolore
495 3630 544 3678 sub
554 3632 633 3681 corti·
673 3636 749 3688 Hauc
763 3647 849 3692 sutem
862 3644 930 3694 inter
946 3646 1015 3696 dous
1026 3662 1074 3697 sua
1084 3650 1154 3712 Magi
1166 3651 1204 3699 ah

99 3707 158 3744 cea:
171 3698 328 3748 occultavit:
346 3706 375 3749 ut
385 3701 445 3751 binc
460 3703 517 3767 quis
534 3704 569 3754 sit
584 3707 633 3756 cri·
673 3709 782 3763 Oriente
794 3717 895 3767 Christo
905 3721 1065 3781 attolerunr3
1080 3729 1111 3771 ut
1121 3723 1201 3784 poeni·

100 3773 182 3823 urinis
191 3775 287 3838 exitus,
298 3779 379 3840 qualia
393 3781 497 3844 iusuper
515 3796 572 3834 esse
587 3785 631 3835 de·
671 3787 895 3852 tentiae'fructum,
910 3806 961 3841 nou
974 3797 1058 3846 minua
1067 3793 1137 3846 forte
1147 3795 1200 3848 fra·

99 3847 164 3898 beat
183 3851 335 3912 punitentia
353 3857 630 3917 peccatoremdertr'u-
671 3861 753 3910 tribus
775 3865 869 3914 uostris
890 3881 964 3930 quam
992 3869 1099 3918 eliorum
1119 3871 1200 3922 virtu·

101 3937 156 3986 eus,
169 3924 248 3974 liceat
259 3941 424 3990 cognoscere.
670 3941 724 3985 tem
741 3937 841 4002 utilem,
851 3939 908 3992 Deo
923 3939 1120 4014 fragrantissimi
1136 3947 1201 3998 odo·

132 4003 183 4050 600
199 4001 266 4071 Flet]
284 4003 326 4052 Ad
345 4007 455 4069 myrrhae
474 4007 573 4058 arboris
586 4023 630 4058 ua·
670 4010 705 4060 ris
716 4024 772 4062 erse
783 4011 965 4076 intelligamus.

99 4076 631 4146 turamsiludit,quaearboreponteetiam
702 4093 750 4138 506
767 4089 818 4139 Neo
834 4089 932 4156 lrabeat]
960 4093 1101 4146 Crescente
1119 4097 1203 4166 enim,

100 4153 128 4198 et
138 4147 221 4202 illuso
231 4159 329 4218 gutur,
340 4170 403 4220 quer
414 4157 517 4208 stactus
527 4165 630 4224 vocant,
669 4169 730 4227 post
740 4165 894 4229 penitentia
906 4167 1067 4222 immutatam
1078 4181 1203 4240 matrem,
1254 4181 1256 4186 '

764 1661 793 1696 us
810 1649 1002 1720 (ibericorum
1018 1663 1102 1724 puello
1113 1673 1215 1728 patrem
1316 1713 1322 1721 .
